<?xml version="1.0" encoding="UTF-8"?>
<!DOCTYPE html PUBLIC "-//W3C//DTD XHTML 1.0 Transitional//EN"
    "http://www.w3.org/TR/xhtml1/DTD/xhtml1-transitional.dtd">
<html xmlns="http://www.w3.org/1999/xhtml" xml:lang="en" lang="en">
 <head>
  <title>
</title>
<meta http-equiv="Content-Type" content="text/html;charset=utf-8" />
  <meta name='ocr-system' content='tesseract 3.04.00' />
  <meta name='ocr-capabilities' content='ocr_page ocr_carea ocr_par ocr_line ocrx_word'/>
</head>
<body>
  <div class='ocr_page' id='page_1' title='image "./gvalericatvllil00schwgoog_0487.png"; bbox 0 0 2922 4478; ppageno 0'>
   <div class='ocr_carea' id='block_1_1' title="bbox 277 255 906 328">
    <p class='ocr_par' dir='ltr' id='par_1_1' title="bbox 277 255 906 328">
     <span class='ocr_line' id='line_1_1' title="bbox 277 255 906 328; baseline 0.005 -5"><span class='ocrx_word' id='word_1_1' title='bbox 277 255 319 324; x_wconf 78' lang='lat'>62</span> <span class='ocrx_word' id='word_1_2' title='bbox 668 271 713 328; x_wconf 78' lang='lat' dir='ltr'>tv</span> <span class='ocrx_word' id='word_1_3' title='bbox 732 271 906 328; x_wconf 75' lang='lat' dir='ltr'>lt-Lvlt</span> 
     </span>
    </p>
   </div>
   <div class='ocr_carea' id='block_1_2' title="bbox 280 460 968 1380">
    <p class='ocr_par' dir='ltr' id='par_1_2' title="bbox 280 460 968 1022">
     <span class='ocr_line' id='line_1_2' title="bbox 280 460 904 540; baseline 0 -14"><span class='ocrx_word' id='word_1_4' title='bbox 280 461 320 527; x_wconf 85' lang='lat'>15</span> <span class='ocrx_word' id='word_1_5' title='bbox 343 460 394 527; x_wconf 88' lang='lat' dir='ltr'>die</span> <span class='ocrx_word' id='word_1_6' title='bbox 417 461 512 528; x_wconf 86' lang='lat' dir='ltr'>nobis</span> <span class='ocrx_word' id='word_1_7' title='bbox 534 460 593 527; x_wconf 93' lang='lat' dir='ltr'>ubi</span> <span class='ocrx_word' id='word_1_8' title='bbox 613 461 659 526; x_wconf 86' lang='lat' dir='ltr'>sis</span> <span class='ocrx_word' id='word_1_9' title='bbox 681 461 822 540; x_wconf 73' lang='lat' dir='ltr'>diturus,</span> <span class='ocrx_word' id='word_1_10' title='bbox 844 460 904 527; x_wconf 89' lang='lat' dir='ltr'>ede</span> 
     </span>
     <span class='ocr_line' id='line_1_3' title="bbox 343 580 939 660; baseline -0.005 -13"><span class='ocrx_word' id='word_1_11' title='bbox 343 581 508 660; x_wconf 77' lang='lat' dir='ltr'><strong>audacter,</strong></span> <span class='ocrx_word' id='word_1_12' title='bbox 531 581 706 658; x_wconf 82' lang='lat' dir='ltr'>committo,</span> <span class='ocrx_word' id='word_1_13' title='bbox 729 580 823 645; x_wconf 89' lang='lat' dir='ltr'>oredo</span> <span class='ocrx_word' id='word_1_14' title='bbox 844 580 939 646; x_wconf 84' lang='lat' dir='ltr'>lueet.</span> 
     </span>
     <span class='ocr_line' id='line_1_4' title="bbox 344 700 968 784; baseline -0.003 -18"><span class='ocrx_word' id='word_1_15' title='bbox 344 724 424 768; x_wconf 86' lang='lat' dir='ltr'>num</span> <span class='ocrx_word' id='word_1_16' title='bbox 446 709 479 766; x_wconf 90' lang='lat' dir='ltr'>te</span> <span class='ocrx_word' id='word_1_17' title='bbox 500 701 657 768; x_wconf 75' lang='lat' dir='ltr'>lacteolae</span> <span class='ocrx_word' id='word_1_18' title='bbox 679 707 794 766; x_wconf 87' lang='lat' dir='ltr'>tenent</span> <span class='ocrx_word' id='word_1_19' title='bbox 815 700 968 784; x_wconf 79' lang='lat' dir='ltr'>puellae?</span> 
     </span>
     <span class='ocr_line' id='line_1_5' title="bbox 343 819 932 906; baseline -0.005 -19"><span class='ocrx_word' id='word_1_20' title='bbox 343 825 372 888; x_wconf 85' lang='lat' dir='ltr'>si</span> <span class='ocrx_word' id='word_1_21' title='bbox 394 821 544 906; x_wconf 79' lang='lat' dir='ltr'>linguam</span> <span class='ocrx_word' id='word_1_22' title='bbox 567 820 679 885; x_wconf 84' lang='lat' dir='ltr'>clauso</span> <span class='ocrx_word' id='word_1_23' title='bbox 701 826 789 884; x_wconf 85' lang='lat' dir='ltr'>tenes</span> <span class='ocrx_word' id='word_1_24' title='bbox 811 819 932 898; x_wconf 89' lang='lat' dir='ltr'>inore,</span> 
     </span>
     <span class='ocr_line' id='line_1_6' title="bbox 342 937 939 1022; baseline -0.01 -16"><span class='ocrx_word' id='word_1_25' title='bbox 342 941 467 1006; x_wconf 84' lang='lat' dir='ltr'>fructus</span> <span class='ocrx_word' id='word_1_26' title='bbox 490 939 640 1022; x_wconf 88' lang='lat' dir='ltr'>proiioies</span> <span class='ocrx_word' id='word_1_27' title='bbox 663 937 784 1002; x_wconf 79' lang='lat' dir='ltr'>amoris</span> <span class='ocrx_word' id='word_1_28' title='bbox 806 957 939 1002; x_wconf 88' lang='lat' dir='ltr'>omnes:</span> 
     </span>
    </p>

    <p class='ocr_par' dir='ltr' id='par_1_3' title="bbox 280 1056 968 1380">
     <span class='ocr_line' id='line_1_7' title="bbox 280 1056 937 1142; baseline -0.008 -17"><span class='ocrx_word' id='word_1_29' title='bbox 280 1059 322 1125; x_wconf 83' lang='lat'>20</span> <span class='ocrx_word' id='word_1_30' title='bbox 343 1060 483 1126; x_wconf 82' lang='lat' dir='ltr'>uerbosa</span> <span class='ocrx_word' id='word_1_31' title='bbox 504 1057 627 1142; x_wconf 83' lang='lat' dir='ltr'>gaudet</span> <span class='ocrx_word' id='word_1_32' title='bbox 648 1057 763 1122; x_wconf 77' lang='lat' dir='ltr'>Venus</span> <span class='ocrx_word' id='word_1_33' title='bbox 786 1056 937 1138; x_wconf 75' lang='lat' dir='ltr'>loquella.</span> 
     </span>
     <span class='ocr_line' id='line_1_8' title="bbox 343 1175 966 1260; baseline -0.008 -16"><span class='ocrx_word' id='word_1_34' title='bbox 343 1178 397 1244; x_wconf 88' lang='lat' dir='ltr'>uel</span> <span class='ocrx_word' id='word_1_35' title='bbox 420 1179 449 1243; x_wconf 84' lang='lat' dir='ltr'>si</span> <span class='ocrx_word' id='word_1_36' title='bbox 472 1179 533 1255; x_wconf 85' lang='lat' dir='ltr'>uis,</span> <span class='ocrx_word' id='word_1_37' title='bbox 556 1178 634 1243; x_wconf 89' lang='lat' dir='ltr'>licet</span> <span class='ocrx_word' id='word_1_38' title='bbox 655 1176 785 1241; x_wconf 76' lang='lat' dir='ltr'>obseres</span> <span class='ocrx_word' id='word_1_39' title='bbox 807 1175 966 1260; x_wconf 83' lang='lat' dir='ltr'>palatum,</span> 
     </span>
     <span class='ocr_line' id='line_1_9' title="bbox 343 1297 968 1380; baseline -0.003 -18"><span class='ocrx_word' id='word_1_40' title='bbox 343 1297 423 1362; x_wconf 87' lang='lat' dir='ltr'>dum</span> <span class='ocrx_word' id='word_1_41' title='bbox 444 1297 549 1362; x_wconf 80' lang='lat' dir='ltr'>oostri</span> <span class='ocrx_word' id='word_1_42' title='bbox 571 1299 633 1362; x_wconf 84' lang='lat' dir='ltr'>sim</span> <span class='ocrx_word' id='word_1_43' title='bbox 653 1298 816 1380; x_wconf 80' lang='lat' dir='ltr'>particeps</span> <span class='ocrx_word' id='word_1_44' title='bbox 838 1297 968 1360; x_wconf 82' lang='lat' dir='ltr'>amoris.</span> 
     </span>
    </p>
   </div>
   <div class='ocr_carea' id='block_1_3' title="bbox 747 1759 829 1826">
    <p class='ocr_par' dir='ltr' id='par_1_4' title="bbox 747 1759 829 1826">
     <span class='ocr_line' id='line_1_10' title="bbox 747 1759 829 1826; baseline -0.024 0"><span class='ocrx_word' id='word_1_45' title='bbox 747 1759 829 1826; x_wconf 83' lang='lat' dir='ltr'>LVI</span> 
     </span>
    </p>
   </div>
   <div class='ocr_carea' id='block_1_4' title="bbox 343 1986 1056 2442">
    <p class='ocr_par' dir='ltr' id='par_1_5' title="bbox 343 1986 1056 2442">
     <span class='ocr_line' id='line_1_11' title="bbox 350 1986 1017 2096; baseline 0.003 -15"><span class='ocrx_word' id='word_1_46' title='bbox 350 1986 379 2081; x_wconf 77' lang='grc' dir='ltr'><strong>θ</strong></span> <span class='ocrx_word' id='word_1_47' title='bbox 402 2041 474 2084; x_wconf 90' lang='lat' dir='ltr'>rem</span> <span class='ocrx_word' id='word_1_48' title='bbox 495 2019 680 2096; x_wconf 76' lang='lat' dir='ltr'>ridiculam,</span> <span class='ocrx_word' id='word_1_49' title='bbox 703 2017 796 2096; x_wconf 77' lang='lat' dir='ltr'>(leto,</span> <span class='ocrx_word' id='word_1_50' title='bbox 820 2025 853 2082; x_wconf 90' lang='lat' dir='ltr'>et</span> <span class='ocrx_word' id='word_1_51' title='bbox 874 2018 1017 2084; x_wconf 80' lang='lat' dir='ltr'>iocosam</span> 
     </span>
     <span class='ocr_line' id='line_1_12' title="bbox 346 2137 1028 2222; baseline -0.001 -20"><span class='ocrx_word' id='word_1_52' title='bbox 346 2137 704 2222; x_wconf 69' lang='lat' dir='ltr'>dignamquecuribus</span> <span class='ocrx_word' id='word_1_53' title='bbox 728 2146 760 2203; x_wconf 89' lang='lat' dir='ltr'>et</span> <span class='ocrx_word' id='word_1_54' title='bbox 783 2146 840 2202; x_wconf 86' lang='lat' dir='ltr'>tuo</span> <span class='ocrx_word' id='word_1_55' title='bbox 862 2138 1028 2203; x_wconf 82' lang='lat' dir='ltr'>caehinno.</span> 
     </span>
     <span class='ocr_line' id='line_1_13' title="bbox 343 2256 1056 2342; baseline -0.001 -19"><span class='ocrx_word' id='word_1_56' title='bbox 343 2257 422 2336; x_wconf 82' lang='lat' dir='ltr'>ride,</span> <span class='ocrx_word' id='word_1_57' title='bbox 445 2257 600 2342; x_wconf 89' lang='lat' dir='ltr'>quiequid</span> <span class='ocrx_word' id='word_1_58' title='bbox 623 2279 723 2335; x_wconf 84' lang='lat' dir='ltr'>omas,</span> <span class='ocrx_word' id='word_1_59' title='bbox 747 2256 839 2335; x_wconf 78' lang='lat' dir='ltr'>Ceto,</span> <span class='ocrx_word' id='word_1_60' title='bbox 864 2256 1056 2323; x_wconf 81' lang='lat' dir='ltr'>Catullum:</span> 
     </span>
     <span class='ocr_line' id='line_1_14' title="bbox 345 2377 946 2442; baseline -0.003 0"><span class='ocrx_word' id='word_1_61' title='bbox 345 2399 397 2442; x_wconf 88' lang='lat' dir='ltr'>res</span> <span class='ocrx_word' id='word_1_62' title='bbox 420 2387 470 2442; x_wconf 87' lang='lat' dir='ltr'>est</span> <span class='ocrx_word' id='word_1_63' title='bbox 491 2377 631 2442; x_wconf 81' lang='lat' dir='ltr'>ridiculo</span> <span class='ocrx_word' id='word_1_64' title='bbox 654 2387 686 2442; x_wconf 88' lang='lat' dir='ltr'>et</span> <span class='ocrx_word' id='word_1_65' title='bbox 707 2377 807 2442; x_wconf 85' lang='lat' dir='ltr'>nimis</span> <span class='ocrx_word' id='word_1_66' title='bbox 830 2378 946 2441; x_wconf 85' lang='lat' dir='ltr'>iocosa.</span> 
     </span>
    </p>
   </div>
   <div class='ocr_carea' id='block_1_5' title="bbox 302 2495 1088 2699">
    <p class='ocr_par' dir='ltr' id='par_1_6' title="bbox 302 2495 1088 2699">
     <span class='ocr_line' id='line_1_15' title="bbox 302 2495 957 2581; baseline -0.002 -21"><span class='ocrx_word' id='word_1_67' title='bbox 302 2497 322 2560; x_wconf 86' lang='lat'>5</span> <span class='ocrx_word' id='word_1_68' title='bbox 345 2497 502 2581; x_wconf 80' lang='lat' dir='ltr'>deprendi</span> <span class='ocrx_word' id='word_1_69' title='bbox 525 2495 620 2562; x_wconf 90' lang='lat' dir='ltr'>modo</span> <span class='ocrx_word' id='word_1_70' title='bbox 642 2497 803 2579; x_wconf 82' lang='lat' dir='ltr'>pupulum</span> <span class='ocrx_word' id='word_1_71' title='bbox 827 2495 957 2579; x_wconf 81' lang='lat' dir='ltr'>puellae</span> 
     </span>
     <span class='ocr_line' id='line_1_16' title="bbox 344 2614 1088 2699; baseline -0.005 -17"><span class='ocrx_word' id='word_1_72' title='bbox 344 2628 546 2682; x_wconf 74' lang='lat' dir='ltr'>trrrsantem:</span> <span class='ocrx_word' id='word_1_73' title='bbox 570 2617 657 2681; x_wconf 85' lang='lat' dir='ltr'>buno</span> <span class='ocrx_word' id='word_1_74' title='bbox 679 2637 748 2699; x_wconf 85' lang='lat' dir='ltr'>ego,</span> <span class='ocrx_word' id='word_1_75' title='bbox 771 2616 799 2679; x_wconf 83' lang='lat' dir='ltr'>si</span> <span class='ocrx_word' id='word_1_76' title='bbox 821 2615 929 2698; x_wconf 82' lang='lat' dir='ltr'>placet</span> <span class='ocrx_word' id='word_1_77' title='bbox 952 2614 1088 2691; x_wconf 83' lang='lat' dir='ltr'>Dionae,</span> 
     </span>
    </p>
   </div>
   <div class='ocr_carea' id='block_1_6' title="bbox 343 2733 827 2818">
    <p class='ocr_par' dir='ltr' id='par_1_7' title="bbox 343 2733 827 2818">
     <span class='ocr_line' id='line_1_17' title="bbox 343 2733 827 2818; baseline 0 -20"><span class='ocrx_word' id='word_1_78' title='bbox 343 2734 470 2817; x_wconf 88' lang='lat' dir='ltr'>protelo</span> <span class='ocrx_word' id='word_1_79' title='bbox 493 2734 599 2818; x_wconf 83' lang='lat' dir='ltr'>rigide</span> <span class='ocrx_word' id='word_1_80' title='bbox 620 2755 693 2798; x_wconf 83' lang='lat' dir='ltr'>mec</span> <span class='ocrx_word' id='word_1_81' title='bbox 715 2733 827 2798; x_wconf 88' lang='lat' dir='ltr'>cecidi.</span> 
     </span>
    </p>
   </div>
   <div class='ocr_carea' id='block_1_7' title="bbox 283 3073 1299 3228">
    <p class='ocr_par' dir='ltr' id='par_1_8' title="bbox 283 3073 1299 3228">
     <span class='ocr_line' id='line_1_18' title="bbox 283 3073 1299 3129; baseline -0.004 -1"><span class='ocrx_word' id='word_1_82' title='bbox 283 3075 313 3128; x_wconf 89' lang='grc'>16</span> <span class='ocrx_word' id='word_1_83' title='bbox 331 3077 378 3129; x_wconf 87' lang='lat' dir='ltr'>hoc</span> <span class='ocrx_word' id='word_1_84' title='bbox 396 3076 521 3128; x_wconf 86' lang='lat' dir='ltr'>committe</span> <span class='ocrx_word' id='word_1_85' title='bbox 546 3076 645 3127; x_wconf 84' lang='lat' dir='ltr'>illucet</span> <span class='ocrx_word' id='word_1_86' title='bbox 668 3076 680 3124; x_wconf 90' lang='lat' dir='ltr'>ll</span> <span class='ocrx_word' id='word_1_87' title='bbox 703 3075 733 3126; x_wconf 79' lang='grc'>17</span> <span class='ocrx_word' id='word_1_88' title='bbox 751 3075 824 3126; x_wconf 86' lang='lat' dir='ltr'>Nunc</span> <span class='ocrx_word' id='word_1_89' title='bbox 846 3075 859 3123; x_wconf 88' lang='grc' dir='ltr'>ΙΙ</span> <span class='ocrx_word' id='word_1_90' title='bbox 882 3074 912 3125; x_wconf 87' lang='grc'>18</span> <span class='ocrx_word' id='word_1_91' title='bbox 929 3083 1019 3126; x_wconf 86' lang='lat' dir='ltr'>tenens</span> <span class='ocrx_word' id='word_1_92' title='bbox 1042 3073 1055 3123; x_wconf 90' lang='lat' dir='ltr'>ll</span> <span class='ocrx_word' id='word_1_93' title='bbox 1079 3073 1112 3123; x_wconf 74' lang='lat'>22</span> <span class='ocrx_word' id='word_1_94' title='bbox 1132 3075 1210 3126; x_wconf 78' lang='lat' dir='ltr'>nostri</span> <span class='ocrx_word' id='word_1_95' title='bbox 1233 3075 1245 3122; x_wconf 90' lang='grc' dir='ltr'>ΙΙ</span> <span class='ocrx_word' id='word_1_96' title='bbox 1265 3073 1299 3124; x_wconf 76' lang='lat' dir='ltr'>sis</span> 
     </span>
     <span class='ocr_line' id='line_1_19' title="bbox 285 3159 988 3228; baseline 0.001 -19"><span class='ocrx_word' id='word_1_97' title='bbox 285 3161 298 3210; x_wconf 92' lang='grc' dir='ltr'>ΙΙ</span> <span class='ocrx_word' id='word_1_98' title='bbox 318 3161 376 3212; x_wconf 85' lang='lat' dir='ltr'>LVI</span> <span class='ocrx_word' id='word_1_99' title='bbox 394 3162 435 3212; x_wconf 80' lang='lat' dir='ltr'>Ad</span> <span class='ocrx_word' id='word_1_100' title='bbox 453 3161 574 3214; x_wconf 72' lang='lat' dir='ltr'>Catonem</span> <span class='ocrx_word' id='word_1_101' title='bbox 597 3161 609 3210; x_wconf 92' lang='lat' dir='ltr'>ll</span> <span class='ocrx_word' id='word_1_102' title='bbox 628 3161 644 3211; x_wconf 84' lang='lat'>5</span> <span class='ocrx_word' id='word_1_103' title='bbox 663 3161 780 3228; x_wconf 83' lang='lat' dir='ltr'>populum</span> <span class='ocrx_word' id='word_1_104' title='bbox 804 3161 816 3209; x_wconf 93' lang='lat' dir='ltr'>ll</span> <span class='ocrx_word' id='word_1_105' title='bbox 836 3161 852 3211; x_wconf 80' lang='lat'><strong>7</strong></span> <span class='ocrx_word' id='word_1_106' title='bbox 870 3159 920 3212; x_wconf 89' lang='lat' dir='ltr'>Pro</span> <span class='ocrx_word' id='word_1_107' title='bbox 939 3159 988 3211; x_wconf 85' lang='lat' dir='ltr'>telo</span> 
     </span>
    </p>
   </div>
   <div class='ocr_carea' id='block_1_8' title="bbox 279 3378 1300 3878">
    <p class='ocr_par' dir='ltr' id='par_1_9' title="bbox 279 3378 1300 3878">
     <span class='ocr_line' id='line_1_20' title="bbox 283 3378 1299 3436; baseline -0.005 -3"><span class='ocrx_word' id='word_1_108' title='bbox 283 3384 313 3434; x_wconf 84' lang='lat' dir='ltr'>lli</span> <span class='ocrx_word' id='word_1_109' title='bbox 331 3383 374 3434; x_wconf 91' lang='lat' dir='ltr'>ubi</span> <span class='ocrx_word' id='word_1_110' title='bbox 392 3383 437 3436; x_wconf 78' lang='lat' dir='ltr'>sis:</span> <span class='ocrx_word' id='word_1_111' title='bbox 455 3399 558 3433; x_wconf 81' lang='lat' dir='ltr'>securus</span> <span class='ocrx_word' id='word_1_112' title='bbox 576 3381 624 3431; x_wconf 87' lang='lat' dir='ltr'>ede</span> <span class='ocrx_word' id='word_1_113' title='bbox 646 3379 744 3431; x_wconf 75' lang='lat' dir='ltr'>Guietcs</span> <span class='ocrx_word' id='word_1_114' title='bbox 849 3379 881 3432; x_wconf 83' lang='lat'>16</span> <span class='ocrx_word' id='word_1_115' title='bbox 898 3397 927 3430; x_wconf 74' lang='lat' dir='ltr'>cx</span> <span class='ocrx_word' id='word_1_116' title='bbox 945 3379 992 3430; x_wconf 85' lang='lat' dir='ltr'>hoc</span> <span class='ocrx_word' id='word_1_117' title='bbox 1009 3379 1135 3431; x_wconf 79' lang='lat' dir='ltr'>committo</span> <span class='ocrx_word' id='word_1_118' title='bbox 1157 3379 1180 3430; x_wconf 89' lang='lat' dir='ltr'><em>V</em></span> <span class='ocrx_word' id='word_1_119' title='bbox 1203 3378 1299 3430; x_wconf 71' lang='lat' dir='ltr'>Verrius</span> 
     </span>
     <span class='ocr_line' id='line_1_21' title="bbox 279 3462 1197 3528; baseline -0.004 -10"><span class='ocrx_word' id='word_1_120' title='bbox 279 3468 337 3519; x_wconf 79' lang='lat' dir='ltr'>daec</span> <span class='ocrx_word' id='word_1_121' title='bbox 355 3469 402 3520; x_wconf 87' lang='lat' dir='ltr'>cde</span> <span class='ocrx_word' id='word_1_122' title='bbox 423 3468 469 3518; x_wconf 88' lang='lat' dir='ltr'>hoo</span> <span class='ocrx_word' id='word_1_123' title='bbox 487 3467 622 3526; x_wconf 77' lang='lat' dir='ltr'>Audacter,</span> <span class='ocrx_word' id='word_1_124' title='bbox 641 3465 766 3516; x_wconf 83' lang='lat' dir='ltr'>committo</span> <span class='ocrx_word' id='word_1_125' title='bbox 874 3464 939 3516; x_wconf 83' lang='lat' dir='ltr'>lucei</span> <span class='ocrx_word' id='word_1_126' title='bbox 958 3462 1084 3528; x_wconf 73' lang='lat' dir='ltr'>Scalipero</span> <span class='ocrx_word' id='word_1_127' title='bbox 1102 3463 1197 3514; x_wconf 76' lang='lat' dir='ltr'>detetur</span> 
     </span>
     <span class='ocr_line' id='line_1_22' title="bbox 282 3547 1299 3620; baseline -0.005 -17"><span class='ocrx_word' id='word_1_128' title='bbox 282 3553 312 3604; x_wconf 89' lang='grc'>17</span> <span class='ocrx_word' id='word_1_129' title='bbox 330 3562 416 3605; x_wconf 82' lang='lat' dir='ltr'>tenent</span> <span class='ocrx_word' id='word_1_130' title='bbox 434 3553 543 3620; x_wconf 75' lang='lat' dir='ltr'>papillae</span> <span class='ocrx_word' id='word_1_131' title='bbox 561 3551 675 3602; x_wconf 74' lang='lat' dir='ltr'>Perreiro</span> <span class='ocrx_word' id='word_1_132' title='bbox 688 3549 819 3601; x_wconf 76' lang='lat' dir='ltr'>Palladius</span> <span class='ocrx_word' id='word_1_133' title='bbox 838 3550 952 3601; x_wconf 78' lang='lat' dir='ltr'>Heinsius</span> <span class='ocrx_word' id='word_1_134' title='bbox 971 3549 1100 3600; x_wconf 72' lang='lat' dir='ltr'>Santonico</span> <span class='ocrx_word' id='word_1_135' title='bbox 1202 3549 1234 3599; x_wconf 82' lang='lat'>21</span> <span class='ocrx_word' id='word_1_136' title='bbox 1251 3547 1299 3600; x_wconf 79' lang='lat' dir='ltr'>vel</span> 
     </span>
     <span class='ocr_line' id='line_1_23' title="bbox 279 3634 1250 3704; baseline -0.004 -17"><span class='ocrx_word' id='word_1_137' title='bbox 279 3637 356 3704; x_wconf 75' lang='lat' dir='ltr'>signis</span> <span class='ocrx_word' id='word_1_138' title='bbox 374 3639 403 3702; x_wconf 84' lang='lat' dir='ltr'>(i.</span> <span class='ocrx_word' id='word_1_139' title='bbox 421 3656 441 3689; x_wconf 82' lang='lat' dir='ltr'>e.</span> <span class='ocrx_word' id='word_1_140' title='bbox 457 3638 559 3703; x_wconf 64' lang='lat' dir='ltr'>stylite)</span> <span class='ocrx_word' id='word_1_141' title='bbox 578 3637 638 3689; x_wconf 84' lang='lat' dir='ltr'>licet</span> <span class='ocrx_word' id='word_1_142' title='bbox 662 3636 759 3687; x_wconf 75' lang='lat' dir='ltr'>Vossius</span> <span class='ocrx_word' id='word_1_143' title='bbox 862 3636 895 3686; x_wconf 77' lang='lat'>22</span> <span class='ocrx_word' id='word_1_144' title='bbox 914 3636 980 3687; x_wconf 89' lang='lat' dir='ltr'>Dum</span> <span class='ocrx_word' id='word_1_145' title='bbox 997 3635 1077 3686; x_wconf 81' lang='lat' dir='ltr'>nostri</span> <span class='ocrx_word' id='word_1_146' title='bbox 1095 3635 1126 3686; x_wconf 76' lang='lat' dir='ltr'>fis</span> <span class='ocrx_word' id='word_1_147' title='bbox 1144 3634 1250 3701; x_wconf 75' lang='lat' dir='ltr'>Hcysiuc</span> 
     </span>
     <span class='ocr_line' id='line_1_24' title="bbox 348 3730 1300 3815; baseline 0 -27"><span class='ocrx_word' id='word_1_148' title='bbox 348 3737 405 3789; x_wconf 90' lang='lat' dir='ltr'>LVl</span> <span class='ocrx_word' id='word_1_149' title='bbox 423 3739 439 3787; x_wconf 78' lang='grc' dir='ltr'><strong>ὅ</strong></span> <span class='ocrx_word' id='word_1_150' title='bbox 458 3756 490 3786; x_wconf 84' lang='lat' dir='ltr'>an</span> <span class='ocrx_word' id='word_1_151' title='bbox 508 3739 533 3787; x_wconf 84' lang='lat' dir='ltr'>in</span> <span class='ocrx_word' id='word_1_152' title='bbox 550 3738 650 3804; x_wconf 74' lang='lat' dir='ltr'>puella?</span> <span class='ocrx_word' id='word_1_153' title='bbox 735 3738 752 3789; x_wconf 88' lang='grc'><strong>6</strong></span> <span class='ocrx_word' id='word_1_154' title='bbox 771 3738 923 3790; x_wconf 67' lang='lat' dir='ltr'>(tristantem</span> <span class='ocrx_word' id='word_1_155' title='bbox 940 3730 956 3815; x_wconf 86' lang='grc' dir='ltr'>β</span> <span class='ocrx_word' id='word_1_156' title='bbox 974 3737 1114 3792; x_wconf 64' lang='lat' dir='ltr'>lectantem</span> <span class='ocrx_word' id='word_1_157' title='bbox 1133 3736 1300 3788; x_wconf 67' lang='lat' dir='ltr'>livellicdr&#39;cc</span> 
     </span>
     <span class='ocr_line' id='line_1_25' title="bbox 382 3819 872 3878; baseline 0.006 -5"><span class='ocrx_word' id='word_1_158' title='bbox 382 3824 417 3873; x_wconf 87' lang='lat' dir='ltr'>sic</span> <span class='ocrx_word' id='word_1_159' title='bbox 436 3819 530 3872; x_wconf 77' lang='lat' dir='ltr'>Statius</span> <span class='ocrx_word' id='word_1_160' title='bbox 632 3821 717 3875; x_wconf 76' lang='lat' dir='ltr'>lPro</span> <span class='ocrx_word' id='word_1_161' title='bbox 736 3823 785 3875; x_wconf 86' lang='lat' dir='ltr'>telo</span> <span class='ocrx_word' id='word_1_162' title='bbox 810 3819 872 3878; x_wconf 73' lang='lat' dir='ltr'>Vol</span> 
     </span>
    </p>
   </div>
   <div class='ocr_carea' id='block_1_9' title="bbox 0 0 1466 4468">
    <p class='ocr_par' dir='ltr' id='par_1_10' title="bbox 0 0 1466 4468">
     <span class='ocr_line' id='line_1_26' title="bbox 0 0 1466 4468; baseline 0 0"><span class='ocrx_word' id='word_1_163' title='bbox 0 0 1466 4468; x_wconf 95' lang='lat' dir='ltr'> </span> 
     </span>
    </p>
   </div>
  </div>
 </body>
</html>
