2970 4484
306 357 356 406 too
505 349 583 404 vnn
617 351 665 404 DE
684 349 842 404 olemus
859 349 907 404 ΕΤ
925 349 1157 406 censuum

303 517 442 586 orationi
461 517 696 585 construendae
709 529 914 586 succurratur
934 529 991 586 aut
1011 518 1097 585 tellus
1116 518 1178 603 (ita
1198 519 1233 585 in
1255 517 1352 586 Ouia·

305 637 397 703 cinno
426 645 459 703 st
484 633 677 721 Dresdensi)
704 643 761 701 aut
787 647 869 702 tarro
898 635 959 723 (ita
987 636 1021 702 in
1042 633 1186 702 Parisino
1207 637 1353 704 secundo

304 755 449 822 Putesno
477 751 634 836 Furisno)
663 762 737 840 post
767 753 850 819 timet
880 753 1071 820 inculcatum
1100 763 1157 820 est
1204 755 1238 820 in
1270 752 1351 822 sm-

305 871 434 938 tenisno
445 880 479 937 et
490 869 642 938 Gudisno
654 868 795 936 secundo
805 892 938 938 numero
950 870 1076 959 plurali,
1092 881 1129 938 ut
1139 871 1254 937 scribis
1264 871 1351 939 niele

306 993 412 1068 batur,
426 989 659 1057 uocabulorum
674 987 793 1054 cauus
806 997 839 1054 et
854 988 1046 1056 Britannice
1058 988 1193 1055 uerbum
1206 994 1285 1054 tina
1297 989 1352 1056 ad·

305 1104 543 1172 commodatum
557 1113 614 1188 est,
630 1105 715 1171 unde
728 1110 832 1172 omem
845 1105 973 1172 habent
1006 1117 1204 1194 quapropter
1218 1107 1351 1173 omnino

305 1247 378 1290 curn
399 1223 608 1291 Lachmanno
638 1245 657 1288 a
683 1222 822 1289 lectione
842 1221 937 1288 Hunc
958 1222 1087 1290 Galliac
1113 1224 1197 1289 timet
1221 1237 1249 1290 et
1270 1225 1351 1290 Bri·-

305 1342 433 1408 tuam'ue
463 1339 730 1429 proficiscendum
759 1349 817 1406 est.
867 1339 923 1406 sed
954 1340 1031 1428 quid
1062 1339 1125 1406 uiri
1157 1339 1243 1408 docti
1273 1339 1353 1408 inde

305 1457 475 1525 fecerunt?
503 1457 677 1524 Turnebus
693 1462 848 1544 tirnmtque
862 1457 990 1524 Gulltbe
1002 1458 1091 1540 bunc,
1105 1459 1210 1524 timent
1222 1458 1352 1525 Bn'tun-
1463 1463 1464 1486 ¹

305 1579 401 1643 orbe?
420 1575 533 1642 Douss
542 1585 635 1663 pater
649 1575 790 1662 timetque
805 1577 910 1641 Gallio
924 1575 1010 1658 bunc,
1024 1579 1128 1642 uincet
1140 1575 1353 1642 Bn'tounioe?
1463 1629 1464 1642 ,

306 1694 531 1761 Lachmannua
544 1693 618 1758 bine
631 1692 816 1769 Britannia,
838 1693 917 1758 bone
937 1695 1036 1759 ttinete
1051 1693 1174 1759 Galliae
1187 1693 1351 1781 Hauptius

305 1813 403 1878 timete
428 1810 566 1894 Gallice,
597 1813 674 1876 trare
703 1814 770 1875 tium
796 1809 966 1876 Britocm'o
995 1807 1038 1876 G.
1067 1810 1274 1876 Hermanuus
1302 1809 1351 1895 (in

305 1927 418 1995 Jubnii
439 1927 542 1993 annul.
563 1951 629 1993 xxn
650 1927 727 2012 305)
748 1928 847 1992 &mae
870 1927 990 1994 Galum
1012 1927 1100 2006 binc,
1128 1929 1201 1993 time
1221 1928 1352 1995 Briton-

305 2047 361 2112 m'o
394 2045 537 2130 Heysius
571 2067 664 2110 cuocc
699 2043 822 2108 Golb'ue
856 2055 884 2108 et
917 2049 1017 2110 timeor
1049 2043 1262 2110 Britanniae?
1314 2055 1352 2112 ut

305 2163 385 2228 nihil
415 2161 455 2228 de
483 2161 649 2226 sententiis
677 2161 790 2227 harum
814 2159 1075 2228 emendationum
1096 2161 1215 2250 portim
1236 2183 1351 2249 perum

306 2281 390 2369 aptis
422 2279 545 2361 dicam,
573 2277 666 2344 facile
697 2277 895 2365 intellegitur
930 2286 1051 2366 quantu
1080 2278 1255 2360 uiolentia,
1287 2302 1352 2367 qus

306 2419 348 2463 ex
378 2397 526 2464 omnibus
558 2396 664 2463 omnis
691 2395 763 2462 elici
791 2405 942 2482 possunt,
970 2394 1005 2461 in
1033 2416 1130 2460 uersu
1157 2395 1218 2460 boc
1246 2417 1351 2462 emon-

307 2513 413 2582 dundo
433 2525 579 2602 grassata
607 2512 666 2597 sit,
697 2534 769 2578 cum
797 2513 858 2578 nisi
886 2511 1052 2579 uocabulis
1078 2535 1144 2579 non
1171 2511 1268 2580 nullis
1295 2523 1352 2579 aut

305 2631 401 2700 aliter
431 2630 607 2698 conlocatis
641 2641 698 2696 sut
727 2631 860 2696 mutetis
895 2640 952 2699 aut
985 2629 1104 2698 additis
1139 2640 1197 2697 eut
1226 2630 1351 2696 omissis

304 2769 402 2838 puros
429 2748 553 2814 iambos
583 2745 716 2812 reficere
743 2769 784 2810 ne
806 2744 1073 2834 ingeniosissimis
1095 2746 1225 2836 quidem
1247 2771 1351 2835 gram·

305 2864 430 2931 meticis
444 2862 643 2930 successerit.
676 2864 803 2952 qualem
818 2885 896 2929 uero
915 2863 941 2928 is
958 2864 1013 2953 qui
1027 2863 1142 2930 ductus
1159 2865 1350 2942 litterarum,
1460 2897 1461 2966 3

305 2993 341 3050 ut
371 3005 432 3070 par
463 2991 530 3065 est,
563 3002 712 3069 premens
745 2981 870 3048 iambos
902 3003 1000 3069 puros
1030 2991 1168 3047 uersatur
1197 2981 1350 3070 praedam

306 3109 464 3190 reportet,
485 3097 601 3187 Heysii
622 3121 717 3165 cunco
737 3097 862 3164 Gelbes
882 3111 910 3163 ct
929 3103 1034 3165 omont
1055 3100 1244 3165 Britanniae
1263 3101 1351 3168 lucu·

305 3219 409 3286 lenter
429 3216 595 3305 patefacit,
617 3238 681 3305 quo
695 3239 759 3282 non
775 3237 891 3282 uereor
916 3238 958 3282 ns
979 3217 1052 3307 quia
1073 3217 1253 3284 iamborum
1271 3217 1352 3284 inte-

307 3335 459 3425 gritatem
482 3344 621 3400 tueatur.
663 3355 769 3422 neque
787 3333 864 3399 ferri
878 3343 996 3421 posset,
1017 3335 1044 3400 si
1065 3334 1136 3422 quis
1157 3333 1231 3401 iude
1252 3343 1354 3422 temp·

306 3463 391 3520 taret
409 3475 516 3519 eumne
531 3451 653 3518 cauus
674 3463 702 3515 et
720 3455 818 3517 timent
830 3451 1043 3517 Britanniae?
1063 3489 1101 3502 -
1123 3453 1233 3540 itsque
1248 3453 1353 3519 donec

305 3571 438 3636 inuento
467 3569 607 3658 quodem
629 3567 763 3656 simplici
785 3577 818 3633 et
839 3569 979 3634 euidenti
1001 3569 1073 3656 puri
1094 3568 1191 3634 iambi
1213 3569 1353 3637 restituti
1458 3573 1459 3632 l

307 3696 397 3770 sunt,
438 3687 532 3752 ulium
567 3685 653 3752 uiam
696 3685 823 3774 ingredi
857 3686 972 3770 liceat,
1016 3686 1169 3776 quoniam
1205 3686 1238 3752 in
1273 3687 1352 3754 locis

307 3803 451 3894 grauiter
471 3805 630 3892 corruptis
649 3803 729 3870 nibil
743 3803 965 3892 intemptatum
980 3803 1117 3893 relinqui
1132 3805 1223 3870 solet
1257 3825 1352 3892 spon-

308 3924 403 3991 deum
434 3923 535 4010 igitur
570 3923 668 3990 semel
702 3923 736 3987 in
771 3943 868 3988 uersu
899 3921 954 3990 illo
989 3945 1157 3990 censemus
1188 3919 1353 3990 Catullum
1457 3917 1458 3920 ’
