3002 4490
268 365 319 416 tet
468 362 521 414 XII
554 363 602 415 DZ
621 361 728 416 cluna
746 359 948 416 HOBTENSIO
966 359 1118 414 TANVBIO

267 529 423 617 adpareat
443 529 504 596 hoc
525 531 595 596 loco
618 551 775 594 summm
803 527 952 595 carminis
982 528 1125 594 breuiter
1152 527 1316 614 conplecti

266 645 365 711 lubet.
401 657 498 734 poeta
511 645 610 734 igitur
625 647 702 711 haec
724 646 791 712 iere
813 646 924 711 dixit:
946 639 1029 710 ‘curn
1051 641 1158 711 Cinna
1170 645 1314 710 libellum

267 785 359 828 suum
395 784 491 850 quam
527 762 769 850 diligentissime
813 773 845 828 et
880 761 1057 829 diutissime
1100 760 1317 828 elaborauerit

267 878 361 944 ualde
382 877 423 944 ab
446 879 621 944 Hortensio
645 879 829 966 discrepans
850 879 884 942 in
906 877 975 942 dies
996 899 1109 943 uersus
1133 877 1315 944 innumera-

268 995 348 1063 biles
369 1005 490 1061 temere
512 995 712 1077 effundente,
735 1017 807 1060 cum
830 993 954 1063 Cinnae
974 995 1117 1083 Zmyrna
1137 1005 1203 1060 tarn
1225 1017 1315 1080 egre

271 1111 362 1199 gium
384 1111 425 1178 sit
445 1135 573 1179 carmen
595 1121 632 1178 ut
652 1111 684 1178 id
705 1134 809 1200 usque
830 1112 872 1179 ad
893 1122 996 1177 terras
1018 1123 1051 1177 et
1071 1111 1199 1177 saecula
1213 1134 1316 1178 remo·

266 1229 390 1296 tissirna
425 1229 540 1294 mirum
575 1239 731 1317 quantum
770 1250 792 1294 a
824 1228 959 1294 Tanusii
995 1228 1164 1295 annalibus
1209 1250 1315 1316 neque
1388 1245 1392 1256 ·

267 1346 403 1434 patriam
429 1367 537 1434 neque
563 1354 703 1413 aetatem
725 1367 816 1412 susm
838 1345 1016 1432 egressuris
1038 1344 1198 1411 diuersum
1220 1366 1316 1433 pene

266 1471 424 1528 tratururn
458 1484 527 1529 esse
558 1468 647 1528 'certo
681 1483 841 1548 augurer,
870 1462 1019 1549 equidem
1048 1461 1135 1550 plebi
1158 1461 1315 1549 inperitae

267 1578 361 1644 molis
373 1587 484 1646 uasme
492 1578 626 1645 Tanusii
639 1577 883 1644 admirationem
891 1577 1062 1644 relicturus
1071 1575 1195 1644 Cinnae
1203 1578 1316 1665 Zmyr·

266 1717 341 1761 narn
368 1693 479 1782 exigui
509 1693 638 1784 quidem
666 1695 805 1761 ambitus
826 1693 882 1761 scd
912 1693 1006 1783 pretii
1033 1695 1164 1760 maximi
1188 1717 1316 1783 semper

267 1811 402 1898 diligam
431 1822 463 1877 et
491 1813 524 1879 in
553 1811 623 1878 sinu
652 1805 807 1900 gestabe'.
850 1813 882 1878 in
905 1811 967 1877 hoo
989 1812 1220 1878 sententiarum
1243 1833 1316 1899 pro·

267 1949 382 2015 gressu
404 1927 463 1993 uiri
485 1926 571 1995 docti
591 1929 662 1994 iure
683 1931 863 2016 meritoque
881 1929 1092 1996 offenderunt
1136 1927 1208 2016 quis
1229 1927 1315 1993 enirn

267 2053 389 2110 tentam
412 2047 650 2111 inuenustatem
671 2045 799 2112 Oatullo
819 2044 969 2133 inputare
991 2056 1098 2133 potest
1120 2056 1156 2110 ut
1176 2053 1315 2132 poetam,

267 2169 381 2248 postea
416 2183 513 2249 quarn
546 2161 580 2226 in
614 2162 765 2228 carminis
793 2173 886 2250 parte
912 2162 1019 2249 priore
1041 2162 1181 2250 primum
1201 2159 1314 2249 Zmyr-

265 2300 327 2346 nae
349 2277 515 2343 Hortensii
537 2289 571 2344 et
591 2278 728 2345 Tanusii
755 2280 898 2345 carmina
926 2279 1012 2344 mala
1039 2278 1249 2365 opposuerit,
1282 2277 1315 2344 in

266 2393 330 2460 line
371 2394 436 2460 uim
479 2395 580 2462 totius
622 2395 772 2463 carminis
813 2395 1105 2484 conprehensurum
1145 2395 1316 2461 Hortensii

268 2511 401 2577 oblitum
423 2510 559 2580 Tanusii
581 2515 680 2579 solius
708 2513 904 2580 mentionem
933 2513 1049 2579 iecisse
1073 2511 1214 2579 credat‘l
1240 2511 1316 2578 huic

267 2629 535 2716 incongruentiae
563 2629 680 2718 duplici
702 2631 826 2696 ratione
847 2631 909 2696 uiri
930 2631 1017 2697 docti
1038 2629 1158 2696 mederi
1181 2639 1315 2717 tempta·

268 2755 351 2812 runt
395 2747 513 2812 etenim
536 2746 764 2814 Lachmannus
792 2758 826 2814 et
847 2747 1009 2834 Hauptins
1038 2746 1173 2814 disticho
1201 2746 1316 2833 quinte

266 2873 391 2930 remoto
423 2887 553 2930 carmen
595 2884 734 2930 Lxxxxv
768 2887 862 2930 uersu
899 2874 1014 2930 octauo
1050 2865 1277 2931 concluserunt
1308 2886 1317 2928 τ

268 2981 419 3069 quoniam
447 2981 503 3047 illo
529 2980 673 3046 detracto
694 2980 774 3047 nihil
793 2981 937 3070 inpediat
958 2982 1036 3070 quin
1057 2981 1232 3069 Zmyrnam
1253 2979 1317 3068 pri·

267 3121 354 3164 rnum
389 3121 462 3164 oum
496 3097 662 3165 Hortensii
697 3096 814 3164 deinde
845 3121 917 3164 cum
951 3098 1085 3165 Tanusii
1121 3097 1317 3164 carminibus

267 3226 475 3302 conparatam
522 3237 592 3282 esse
642 3219 845 3292 arbitremur.
909 3239 1023 3282 sensus
1072 3215 1221 3282 carminis
1245 3193 1318 3280 ⁸ita

268 3332 404 3399 mutilati
431 3331 482 3398 hio
510 3341 594 3398 esset
615 3354 622 3396 :
644 3329 762 3400 ‘Cinna
789 3331 821 3398 in
844 3332 985 3420 Zmyrna
1006 3329 1239 3398 conscribenda
1261 3331 1317 3397 diu

267 3457 301 3514 et
328 3447 502 3535 diligenter
527 3459 675 3515 uersatus
700 3457 765 3532 est,
796 3448 853 3514 sed
874 3447 1069 3514 Hortensius
1092 3469 1205 3514 uersus
1225 3449 1318 3514 innu-

267 3566 438 3632 merabiles
467 3589 563 3655 quem
597 3567 785 3632 breuissime
815 3575 961 3654 tempore
990 3565 1127 3631 effundit
1154 3591 1162 3632 ε
1192 3563 1318 3631 Cinnae

269 3701 397 3746 carmen
429 3681 471 3747 ad
502 3683 654 3768 regiones
686 3691 846 3747 extremes
877 3694 912 3749 et
943 3683 1072 3749 saecula
1105 3681 1317 3749 remotissima

268 3799 445 3886 perueniat,
467 3799 524 3864 eod
541 3797 669 3863 Volusii
689 3799 822 3865 annales
843 3799 961 3866 nullius
983 3799 1079 3889 pretii
1100 3799 1133 3865 in
1155 3821 1214 3866 sua
1233 3797 1317 3886 ipso

268 3939 338 3982 rum
367 3917 474 4004 patria
501 3914 637 4003 regione
663 3939 740 3984 mox
760 3910 932 4004 peribunt'.
974 3927 1008 3984 at
1029 3916 1106 4006 quid
1125 3916 1186 3983 hac
1207 3937 1317 3984 ensen-
