2970 4484
252 319 300 368 174
516 314 565 364 Vll
599 313 647 366 DE
664 315 805 368 mutuus
823 313 1019 368 mammon

249 481 309 546 bus
330 479 478 546 Athesim
501 489 533 546 et
554 479 712 546 Mincium
744 480 861 547 fluuios
887 481 976 548 fossa
1003 479 1182 568 nauigabili
1208 480 1295 546 inter

249 596 412 662 Veronam
433 605 466 661 et
480 595 675 662 Vellaticnm
690 596 882 684 (Valeggio)
898 597 1004 681 ducta,
1026 597 1117 664 cuins
1138 596 1294 685 reliquiae

249 712 344 778 hodie
371 713 447 778 dum
468 711 659 801 conspicuae
680 713 763 796 sint,
799 715 989 780 coniunctos
1020 714 1121 780 fuisse
1153 713 1292 781 coniecit

248 840 361 918 postca
400 830 585 896 adcuratius
626 829 686 895 hae
723 831 763 896 de
797 851 833 896 re
868 851 903 896 se
937 830 1165 919 inquisiturum
1201 831 1292 920 polli-

250 947 343 1014 citus.

330 1097 370 1162 In
391 1095 547 1183 Bithynia
573 1094 642 1182 ipsa
652 1141 662 1177 ,
691 1117 763 1159 cum
795 1092 934 1160 reditum
962 1103 1090 1180 pararet
1117 1115 1196 1160 uere
1216 1096 1292 1162 anui

248 1213 380 1292 698l56,
405 1223 502 1300 poete
532 1232 661 1276 carmen
689 1233 813 1276 xxxxvr
847 1211 920 1276 Iam
957 1234 1013 1276 uer
1041 1213 1175 1299 eqela'rlne
1195 1212 1291 1298 refert

247 1343 366 1416 tepores
394 1329 524 1416 scripsit
552 1339 584 1393 et
611 1330 645 1394 in
676 1327 781 1394 reditu
802 1327 873 1415 ipso
894 1327 1002 1393 fratris
1023 1328 1206 1416 sepulcrum
1228 1349 1290 1394 me

247 1447 349 1511 moria
378 1447 433 1533 pia
459 1466 657 1534 prosequens
683 1467 813 1511 carmen
841 1463 871 1510 οι
905 1444 1023 1510 Multae
1049 1467 1108 1530 per
1132 1457 1235 1531 qentee
1264 1457 1291 1512 et

245 1564 343 1630 ηιιιὶία
365 1587 425 1650 per
453 1585 589 1650 aequora
614 1574 727 1627 uectus.
777 1583 850 1627 cum
877 1561 909 1627 in
941 1561 1070 1628 Italiam
1099 1571 1132 1628 et
1158 1561 1192 1627 in
1218 1586 1290 1650 pro

245 1679 382 1746 uinciam
401 1680 537 1766 patriam
559 1679 752 1761 aduenisset,
774 1677 966 1746 Sirmionem
981 1677 1204 1765 paeninsulam
1225 1701 1291 1745 car·

246 1797 333 1862 mine
354 1819 433 1862 xxxi
454 1795 560 1862 Poene
580 1796 756 1862 tenuram
778 1793 890 1861 Simulo
915 1795 1145 1882 {mulorumque
1169 1795 1289 1864 suauis-

244 1915 324 1980 simo
345 1911 506 1995 salutauit,

344 2111 435 2177 quam
456 2102 484 2154 te
505 2089 633 2154 libenter
653 2111 804 2176 quamque
825 2089 923 2154 laetus
942 2090 1043 2154 teneo

341 2205 399 2270 aie
419 2206 468 2270 mi
484 2205 556 2290 ipse
576 2204 706 2270 medena
732 2204 886 2290 Hyniam
907 2217 999 2292 atque
1020 2205 1175 2292 Bithynos

342 2323 469 2408 Ιίᾳαίεεο
490 2343 611 2406 campos
632 2331 660 2385 et
679 2321 783 2386 usum
802 2331 830 2384 te
850 2321 883 2385 in
904 2331 974 2386 mn.

240 2495 349 2587 paullo
370 2497 527 2584 posthoc
549 2517 687 2578 emman,
708 2494 742 2560 id
763 2496 848 2583 qnod
873 2519 915 2562 ex
936 2518 1049 2561 uersus
1062 2496 1105 2561 24
1125 2497 1285 2563 uocabulo

240 2615 407 2679 eons‘ees‘me
428 2612 583 2700 sequitur,
606 2635 735 2679 carmen
750 2635 792 2677 un
808 2611 960 2678 Pterelae
983 2613 1036 2679 e'lle
1055 2637 1143 2700 quem
1163 2615 1285 2698 uidetis,

240 2731 372 2815 hospites
393 2729 545 2817 scriptum
566 2736 625 2793 est.
668 2726 807 2815 deniquo
836 2751 908 2794 cum
938 2729 1107 2815 prouincia
1127 2729 1286 2817 'hanepo-

241 2846 326 2913 dana
346 2845 456 2912 relicte
476 2856 574 2933 poeta
589 2845 724 2912 Romam
747 2845 889 2912 uenisset
909 2845 1020 2935 ibique
1040 2846 1080 2912 ab
1102 2846 1285 2913 hominibus

239 2963 350 3030 amieis
372 2972 404 3028 et
425 2961 569 3046 curiosis,
592 2971 628 3028 ut
642 2961 712 3027 fieri
736 2961 828 3040 solet,
851 2963 1158 3050 interrogationibus
1178 2964 1284 3052 inpor-

239 3080 327 3147 tunis
355 3079 450 3145 ualde
471 3088 662 3163 uexeretnr,
694 3101 746 3145 ree
775 3079 830 3145 illa
865 3079 982 3145 accidit
1011 3103 1107 3169 quam
1136 3079 1283 3147 Catullus

238 3197 271 3262 in
294 3197 435 3262 carmine
456 3221 479 3262 x
508 3195 611 3261 Varus
632 3219 678 3260 me
697 3219 784 3261 meus
805 3199 848 3260 ad
873 3220 942 3262 snos
969 3219 1089 3263 amores
1114 3196 1222 3284 lepide
1251 3208 1284 3264 et

237 3313 345 3379 iocose
385 3312 544 3379 narrauit.
602 3312 642 3377 de
682 3311 772 3377 cuius
808 3311 958 3379 carminis
993 3337 1090 3380 uersu
1125 3315 1283 3400 trigesimo

238 3439 330 3495 sexto

516 3585 702 3648 commodam
723 3583 803 3648 enim
824 3582 891 3647 uolo
911 3585 955 3646 od
976 3581 1118 3670 Serapim

386 3697 511 3780 deferri

237 3845 301 3924 iam
329 3855 477 3945 Scaliger
505 3865 537 3922 ct
568 3856 703 3924 Vossius
729 3865 818 3922 recte
846 3856 1039 3924 adnotarunt
1060 3855 1114 3922 illo
1136 3865 1281 3942 tempore
