3002 4490
264 329 312 378 300
642 325 703 377 xm
738 327 786 379 Du
805 325 931 380 Aemus

262 494 372 580 itaquo
401 492 452 558 hio
481 493 570 557 locus
593 491 784 580 Hieronymi
815 491 1034 580 conputationi
1066 515 1130 559 non
1163 493 1306 581 refrege-

262 619 332 691 tur‚
353 631 425 673 cum
446 608 633 695 praesertim
664 631 776 675 uersus
797 608 882 675 illius
903 618 1015 675 suctor
1044 609 1108 674 ism
1141 609 1306 677 ueteribus

261 725 490 814 interpretibus
518 747 583 792 non
610 726 763 792 adcurate
789 736 884 792 notus
910 726 1015 792 fuerit.
1041 716 1192 793 'Seruius
1219 728 1305 794 enim

262 843 318 927 (sd
339 865 450 930 georg.
474 843 494 908 l.
517 844 560 927 c.)
583 843 708 910 dubitet
728 853 836 909 utrum
851 842 1000 909 Mseuius
1023 865 1095 909 eum
1117 867 1158 908 sn
1182 845 1305 910 Bauius

261 959 383 1026 fecerit.
437 959 482 1026 illi
504 958 676 1027 Cornificio
699 960 726 1025 si
748 969 836 1026 recto
857 981 899 1025 ex
920 958 1067 1026 Oledonii
1088 960 1160 1026 loco
1184 960 1305 1026 Becke-

261 1100 315 1142 rue
353 1099 533 1164 cognomen
570 1074 657 1142 Gelli
692 1076 869 1142 uindicauit
903 1098 1041 1164 eumque
1076 1099 1095 1142 e
1129 1074 1305 1144 Cornificio

262 1195 402 1283 quodem
423 1193 554 1280 Longo,
584 1195 638 1281 qui
661 1193 701 1259 (le
729 1195 844 1280 etymis
871 1193 1003 1260 deorum
1025 1193 1169 1282 scripsit,
1189 1195 1304 1262 merito

260 1312 423 1400 soperouit
443 1311 544 1397 (quod
565 1323 736 1398 utrumque
763 1332 826 1398 ego
848 1333 911 1378 non
933 1311 1077 1395 dubito),
1109 1311 1198 1378 Gelli
1224 1311 1304 1378 illud

260 1451 377 1494 nomon
399 1427 440 1493 sd
462 1427 617 1516 originem
634 1427 793 1517 Gallicmn
808 1437 952 1514 spectsre
975 1429 1042 1493 ueri
1065 1426 1217 1494 dissimile
1238 1451 1303 1494 non

260 1555 309 1611 est
332 1544 389 1630 (el.
412 1544 506 1610 etiem
529 1543 705 1610 Merkelius
726 1543 767 1608 sd
789 1543 863 1612 Ibin
883 1567 916 1631 p.
931 1544 1016 1626 365).
1058 1547 1150 1632 plurs
1169 1545 1210 1612 de
1226 1545 1302 1612 Con

259 1661 366 1728 nificio
394 1661 570 1728 Merkelius
597 1661 638 1727 sd
661 1661 770 1729 Ouidii
796 1659 867 1728 lest
897 1683 928 1748 p.
953 1681 1118 1728 nxxxxnn
1141 1662 1304 1751 Bergkius

259 1779 292 1847 in
320 1779 424 1846 indice
451 1778 631 1845 scholarum
657 1779 851 1845 aestiuorum
874 1777 1153 1866 Msrburgensium
1175 1779 1304 1846 a.1843

259 1897 411 1984 Vngerus
433 1896 473 1961 de
493 1895 612 1983 Valgio
634 1918 663 1983 p.
684 1895 747 1960 392
774 1893 995 1961 Bemhsrdius
1021 1897 1054 1960 in
1075 1895 1170 1962 litter.
1191 1895 1304 1964 histor.

259 2037 289 2101 p.
310 2013 373 2078 463
393 2011 602 2101 prsebebunt.

342 2163 385 2230 G.
407 2163 557 2230 Asinium
578 2162 763 2245 Polionem,
793 2164 899 2230 uirum
921 2173 953 2229 et
973 2163 1047 2230 belli
1068 2173 1101 2229 et
1120 2162 1208 2252 psois
1230 2163 1305 2230 orti·

260 2280 321 2346 bus
349 2279 623 2364 inlustrissimum,
654 2279 803 2348 Catullus
831 2281 864 2347 in
890 2281 1030 2346 carmine
1052 2279 1306 2347 xn'Mors-ucs'ne

260 2399 373 2476 Aeolii,
403 2422 495 2463 manu
522 2402 642 2463 εὺιίεῠνα
671 2396 798 2480 laudat,
829 2389 940 2463 contra
962 2397 1094 2462 fratrem
1118 2397 1204 2480 eins,
1227 2396 1305 2486 quis

260 2514 359 2585 lintea
374 2513 516 2584 Saetaba
537 2526 653 2603 poetae
675 2513 843 2581 sFebullo
861 2526 893 2582 et
905 2513 1070 2580 Verennio
1090 2537 1130 2580 ex
1145 2513 1305 2603 Hispanis

259 2632 343 2698 dono
364 2631 462 2698 misso
481 2629 524 2696 ‘in
545 2633 615 2697 ioco
639 2641 736 2721 atque
759 2625 845 2698 uino'
865 2632 946 2698 clem
967 2632 1165 2742 surripuerit,
1188 2631 1305 2698 acerbo

259 2751 423 2837 uituperst
437 2759 533 2836 etque
548 2759 584 2814 nt
598 2748 650 2814 ille
664 2771 760 2836 quom
776 2749 940 2815 celerrime
953 2749 1096 2816 remittet
1110 2750 1304 2838 expostulet.

259 2867 310 2932 De
332 2863 375 2932 G.
396 2865 530 2930 Polione
552 2866 632 2931 hoec
655 2863 805 2932 Catullus
828 2893 836 2933 ε

658 3018 747 3083 erede
769 3017 893 3085 Polsimi

450 3133 566 3220 fratri,
589 3134 648 3220 qui
666 3146 717 3198 tuo
738 3133 825 3216 furto
847 3135 897 3200 uel
916 3134 1025 3200 talento

456 3251 573 3316 mutari
591 3252 664 3316 uelit
684 3279 696 3318 .·
716 3264 757 3316 est
778 3257 854 3316 enim
876 3254 1009 3336 leporum

457 3367 590 3434 disertus
608 3391 686 3455 puer
705 3393 743 3434 ac
756 3369 957 3454 facetiarum.

259 3557 325 3623 quo
357 3546 504 3623 tempore
538 3557 668 3602 sermon
702 3560 744 3602 xu
778 3534 924 3604 Ostullus
956 3534 1121 3622 scripserit
1154 3535 1306 3601 adcurate

258 3651 423 3718 declarare
437 3674 501 3718 non
517 3674 696 3742 possumus.
732 3665 839 3718 tomen
854 3653 887 3718 in
904 3650 1099 3731 uniuersum,
1113 3651 1139 3718 si
1154 3650 1200 3716 eis
1219 3673 1306 3740 quse

258 3791 354 3856 suprs
375 3768 581 3836 disseruimus
602 3770 700 3837 fidem
720 3770 840 3837 hebere
862 3771 954 3848 licet,
985 3770 1064 3835 hoec
1085 3769 1304 3858 possunthoc

258 3886 297 3953 de
316 3909 352 3952 re
373 3884 529 3954 ednotsri.
571 3885 767 3954 Vercnnium
790 3895 822 3952 et
835 3883 1008 3953 Fabullum
1035 3885 1157 3954 emices
1183 3885 1305 3954 Ostulli
