2922 4478
473 348 870 408 mle-nme

225 543 283 600 eut
304 537 333 600 si
354 536 516 618 perditius
537 545 647 621 potest
668 541 747 621 quid
770 561 850 605 esse.

162 653 202 718 15
224 651 281 718 sed
304 674 369 718 non
391 663 574 721 esttamen
597 655 657 721 hoe
679 657 761 722 setis
782 657 975 740 putendum.

224 772 310 856 quod
332 774 361 837 si
383 793 449 838 non
473 772 564 840 eliud
586 783 701 858 potest
723 775 878 841 ruborem

224 891 330 957 ferree
350 893 441 957 oanis
463 895 688 978 exprimamus
710 913 774 959 ore.

223 1010 424 1076 eonelsmete
445 1011 567 1077 iterum
589 1013 705 1078 altiore
728 1033 808 1078 uode

224 1128 375 1195 ‘moecha
395 1129 521 1212 putide,
544 1131 643 1196 redde
666 1132 843 1208 eodieillos,

159 1245 202 1312 20
223 1245 333 1326 redde,
355 1247 470 1330 putida
492 1248 638 1326 moeehe,
660 1249 848 1315 eodieillos'.

223 1363 281 1429 sed
302 1363 352 1428 nil
370 1367 571 1449 proficimus,
592 1364 679 1431 nihil
700 1375 863 1433 mouetur.

221 1482 379 1550 mutanda
401 1491 452 1549 est
472 1485 558 1550 ratio
580 1484 762 1568 modusque
783 1487 887 1564 uobis,

223 1600 331 1683 siquid
354 1603 512 1685 profieere
533 1603 679 1685 emplius
699 1604 844 1687 potestis,

225 1717 361 1802 ‘pudiea
382 1726 416 1784 et
435 1719 547 1803 probe
568 1719 669 1784 redde
690 1720 875 1788 eodieillos!

575 2007 767 2077 XXXXIII

228 2195 342 2307 Saluo,
364 2247 423 2294 nee
445 2229 582 2294 minimo
604 2229 715 2313 puella
736 2249 818 2296 nese

225 2366 286 2411 nee
307 2345 395 2411 bello
417 2345 501 2430 pede
523 2365 583 2412 nee
605 2348 710 2432 nigris
732 2347 845 2414 eeellis

225 2486 286 2530 nee
306 2465 415 2550 longis
438 2466 552 2551 digitis
572 2485 633 2531 nee
654 2487 709 2531 ore
730 2467 816 2532 sieeo

225 2603 286 2650 nee
308 2604 387 2649 sene
407 2585 507 2650 nimis
529 2583 681 2672 elegante
700 2585 826 2670 lingue,

186 2702 207 2766 5
230 2703 407 2770 decoctoris
430 2705 536 2770 amiea
557 2705 720 2770 formiani.

226 2829 282 2888 ten
302 2823 474 2906 prouineie
494 2831 608 2890 narrat
628 2843 700 2889 esse
722 2822 868 2889 bellam?

226 2948 335 3006 teeum
358 2941 480 3008 Lesbia
501 2950 615 3008 nostre
637 2942 868 3026 eomparatur?

228 3078 247 3123 o
269 3057 416 3124 saeelum
437 3059 606 3142 insapiens
628 3067 662 3124 et
682 3059 878 3125 infacetum!

166 3328 197 3382 1⁷
214 3329 294 3381 Ferre
312 3345 327 3380 ο
351 3337 363 3386 ΙΙ
386 3329 419 3382 21
438 3329 491 3383 sed
508 3329 572 3382 nihil
594 3340 607 3390 ιι
631 3330 665 3382 22
683 3331 755 3383 uobis

163 3533 242 3584 pem
260 3515 373 3582 scaete
390 3514 426 3566 ed
449 3513 552 3568 varran.
567 3533 596 3581 p.
607 3515 662 3568 216
679 3517 728 3582 etp.
747 3515 864 3570 Heinsius
881 3515 938 3568 adu.
960 3513 1015 3567 643
1091 3514 1122 3563 14
1139 3529 1184 3580 pe·

166 3607 206 3654 tes
225 3593 400 3679 βδρωροὶἡιε
419 3600 471 3653 laci.
488 3600 537 3652 117
639 3601 673 3654 22
690 3601 763 3656 nebi·
788 3601 971 3667 Vspesqeiiue
991 3599 1043 3650 leet.
1060 3599 1109 3650 117

166 3683 201 3738 23
218 3695 271 3737 m
288 3703 338 3736 eum
355 3686 481 3736 contem
501 3685 609 3753 mplius
626 3688 721 3753 putetis

233 3802 371 3855 mxm
390 3799 402 3854 l
423 3803 498 3856 nimio
517 3794 535 3881 β
555 3802 668 3870 Scaliger
685 3805 783 3859 mediee
801 3804 930 3857 Ramlem
1031 3804 1049 3855 8
1065 3803 1186 3869 insipiens

166 3891 195 3943 σε
211 3887 340 3942 infletum
357 3881 401 3967 βω

914 3987 932 4042 'i
