3002 4490
248 317 297 365 348
542 313 619 364 Xllll
656 315 704 367 DE
722 313 878 368 cunutus
896 313 993 366 vau

230 467 379 544 'hutone
400 479 548 546 instituta
569 501 699 547 uersum
719 479 761 546 34
782 481 899 546 Bra'cio
923 479 1054 546 Veronae
1074 493 1172 546 meter
1191 493 1299 548 amata

245 619 331 661 meae
359 593 489 662 Catullo
518 597 695 664 attribuere
723 595 864 679 studuit,
898 596 956 662 sed
987 599 1127 685 pessimo
1159 605 1298 686 uterque

245 723 375 779 euentu.
411 711 633 778 Froeblichius
652 713 735 778 enim
750 735 864 778 uersus
878 711 1003 779 29-36
1023 711 1154 780 catullo
1177 723 1210 780 ct
1225 735 1298 780 uer·

245 851 316 896 sum
342 829 383 896 36
413 839 445 895 et
478 828 533 918 qui
555 841 707 896 secuntur
735 833 801 915 (me
830 851 938 896 errare
968 843 1026 896 eut
1053 829 1198 898 cauillari
1228 831 1297 898 noli

245 944 392 1030 credere)
421 944 537 1012 iannee
565 945 749 1033 adsignauit
778 947 833 1028 (cl.
856 955 1027 1013 comment.
1050 947 1141 1014 acad.
1165 947 1296 1014 ldonec.

248 1085 270 1126 v
291 1085 323 1128 ιιι
344 1061 431 1147 262).
473 1061 694 1130 Rossbachius
716 1071 829 1129 contre
845 1064 939 1129 sicuti
954 1064 988 1130 in
1003 1064 1111 1152 priore
1129 1065 1174 1152 (p.
1190 1065 1296 1149 xviru)

244 1181 289 1244 ita
317 1179 350 1246 iu
383 1181 485 1245 altera
515 1181 559 1267 (p.
589 1181 650 1264 xx)
684 1178 823 1245 editione
852 1201 966 1245 uersus
994 1165 1136 1247 292-40
1165 1179 1295 1248 Catullo

244 1305 276 1362 et
295 1295 435 1361 41-48
462 1297 575 1363 itunae
607 1295 763 1363 attribuit.
821 1317 905 1384 quoe
935 1296 1018 1362 ratio
1054 1296 1140 1385 quod
1168 1298 1197 1362 ei
1227 1297 1295 1385 pla·

245 1431 320 1478 cere
353 1411 496 1500 potuerit
528 1412 605 1478 satis
641 1412 749 1477 miseri
785 1433 849 1478 non
881 1433 1020 1499 possum.
1077 1412 1179 1479 ueluti
1212 1414 1294 1482 scire

245 1527 344 1595 uelim
373 1549 438 1616 quo
466 1527 562 1595 modo
590 1527 825 1612 Rossbachius,
861 1529 916 1616 qui
945 1549 1074 1594 uersum
1095 1529 1137 1595 db
1164 1529 1222 1596 sed
1253 1530 1295 1596 de

242 1647 397 1711 &emutio
430 1658 459 1711 et
474 1644 619 1711 ”Comeli
647 1656 755 1710 namet
785 1669 889 1711 amore
920 1645 1083 1712 Catullum
1116 1644 1293 1713 arbitretur

243 1763 386 1828 locutum
408 1781 490 1840 esse,
511 1783 641 1827 uersum
661 1761 712 1845 43,
741 1783 836 1850 quem
858 1762 955 1828 ianuc
977 1763 1131 1851 loquitur,
1153 1763 1295 1852 explicet

241 1880 362 1946 nomine
387 1879 535 1944 dicentem
561 1901 635 1965 quoe
663 1880 861 1962 diotimus,
894 1893 1012 1964 utpote
1032 1903 1113 1966 quae
1134 1885 1194 1964 mi,
1226 1903 1292 1970 quo

241 1995 338 2061 ianne
360 1995 399 2060 ed
421 1994 552 2060 nomine
565 1993 722 2060 Postumii
739 2006 770 2060 et
785 1995 928 2062 Cornelii
950 2019 970 2062 s
991 2020 1025 2062 se
1047 1996 1171 2085 ipsein
1193 2021 1292 2066 uersu

241 2114 283 2179 35
302 2111 467 2178 nominata
494 2121 662 2200 prouocat
715 2123 882 2200 praeterea
911 2135 1007 2201 quem
1039 2113 1156 2204 fugere
1184 2125 1293 2204 potest

241 2229 514 2297 enumerationem
535 2229 692 2296 scelerum
719 2230 760 2296 ab
782 2251 884 2298 uxore
905 2231 1164 2317 commissorum,
1193 2255 1292 2322 quam

240 2347 337 2414 ianua
367 2347 400 2414 in
430 2369 527 2414 uersu
551 2349 589 2413 19
615 2349 751 2434 primum
779 2349 872 2435 iqitrtr
901 2348 1067 2415 instituere
1090 2351 1216 2437 coepit,
1249 2350 1292 2417 eb

240 2463 353 2532 eedem
368 2464 487 2554 ipsein
502 2487 598 2530 uersu
613 2466 652 2531 31
669 2467 758 2553 atqui
768 2489 828 2531 eon
843 2468 1001 2532 columboe
1014 2501 1049 2514 -
1060 2466 1118 2531 sed
1130 2468 1167 2532 de
1179 2467 1291 2532 Poem-

239 2585 302 2650 ms'o
333 2595 361 2649 et
389 2582 519 2648 Corneli
543 2593 575 2648 et
602 2582 636 2648 in
662 2605 760 2648 uersu
781 2583 823 2648 45
848 2595 1009 2669 pectere
1033 2582 1166 2648 addebat
1193 2583 1293 2648 conti·

239 2697 362 2764 numi?
383 2708 526 2765 ceterum
541 2699 711 2786 uulgarem
725 2721 877 2766 uersuum
889 2699 1148 2766 distributionem
1160 2699 1291 2766 omnino

239 2814 439 2904 probandum
468 2837 537 2880 esse
559 2813 709 2904 equidem
739 2836 834 2903 nego.
877 2815 1013 2882 offendit
1041 2815 1144 2882 cretio
1173 2816 1291 2882 ianuee

239 2933 323 2998 iusto
351 2931 481 3020 longius
514 2931 702 3000 continuate
729 2942 763 2998 et
791 2932 866 2998 inde
897 2955 917 2998 e
943 2955 1039 3024 uersu
1061 2932 1100 2998 31
1123 2954 1226 3023 nsque
1242 2933 1291 3000 ed

240 3048 335 3114 linem
358 3047 508 3115 carminis
529 3047 617 3115 nulle
630 3048 748 3117 Oetulli
769 3049 1015 3118 interlocutione
1037 3051 1217 3140 interrupta
1232 3073 1240 3116 t
1256 3051 1291 3118 iu

239 3164 350 3252 primis
362 3166 495 3231 moleste
509 3176 558 3232 est
568 3165 735 3231 ferendum
751 3167 837 3256 quod
852 3168 885 3232 in
898 3167 1044 3235 uersibus
1055 3167 1180 3236 37-40
1194 3169 1292 3236 ieuua

240 3303 275 3346 se
288 3281 473 3369 adloquitur
487 3282 600 3370 ipsum.
632 3285 710 3370 quin
724 3305 838 3350 uersus
849 3285 908 3350 bos
920 3285 1124 3352 attribuimus
1135 3285 1291 3355 Catullo?

240 3399 328 3466 uiros
350 3397 462 3466 doctos
482 3399 619 3466 formula
651 3401 768 3466 dixerit
789 3401 836 3466 lu'c
855 3403 970 3490 aliqud
990 3401 1032 3467 eb
1054 3401 1116 3469 bec
1138 3422 1290 3469 uersuum

240 3515 541 3602 distinguendorum
563 3517 688 3584 ratione
711 3515 904 3584 deterruisee
932 3517 1089 3584 uidetur:
1111 3527 1145 3584 et
1176 3519 1291 3606 opinor

239 3631 397 3699 inmerito.
442 3631 589 3700 Catullus
621 3632 834 3700 subdubitans
868 3633 909 3700 ds
938 3633 1076 3700 ueritste
1106 3621 1214 3701 rerum
1242 3637 1290 3700 in·

240 3747 440 3818 credibilium
473 3771 552 3838 quas
585 3751 682 3817 innuo
714 3753 860 3819 narrauit
890 3751 995 3818 elieno
1031 3751 1124 3838 quusi
1159 3752 1290 3818 nomine
