2920 4492
271 332 305 384 68
545 329 598 383 1111
633 329 681 384 DE
698 327 878 382 Auoumvs
896 329 1053 384 carmi

271 494 413 563 iudicare
435 495 611 582 possimus,
643 496 703 562 nisi
725 505 820 564 antes
849 495 889 564 de
921 518 1031 564 umore
1050 516 1149 583 quem
1170 495 1318 564 Getullus

271 610 411 678 hebebst
424 609 561 676 Lesbiae
576 611 709 700 eiusque
728 611 1005 678 uicissitudinibus
1024 623 1120 700 utque
1138 613 1178 680 de
1195 623 1317 700 tempo-

271 728 362 792 ribus
377 728 553 794 esrmiuum
567 727 740 794 multorum
755 729 909 794 adcurate
930 731 1112 816 expositum
1127 730 1197 796 erit.
1233 751 1319 818 quse

271 845 297 908 si
327 844 390 909 iem
420 844 466 910 ita
497 867 646 912 euertere
677 846 832 912 uellemus
859 856 896 914 ut
923 845 1126 914 coniecturae
1158 847 1318 935 quamde

271 960 392 1028 Lesbis
421 961 620 1028 uerissimsm
649 985 718 1028 esse
745 963 840 1029 nobis
889 963 1126 1050 persuasimus,
1158 963 1316 1030 rationem

271 1102 336 1145 non
359 1079 562 1162 haberemus,
594 1090 709 1167 postes
729 1103 803 1146 eum
825 1102 862 1146 eo
886 1081 1084 1148 uenissemus
1106 1092 1143 1146 ut
1163 1082 1210 1147 eis
1233 1103 1318 1168 quse

271 1196 433 1264 amoribus
462 1207 495 1263 et
522 1197 700 1263 carminum
728 1197 928 1286 temporibus
965 1197 1178 1264 consideretis
1212 1197 1318 1264 edocti

272 1334 429 1396 essemus,
465 1311 507 1378 sd
538 1315 758 1380 coniecturam
788 1313 876 1380 illem
906 1315 1105 1402 probeudsm
1141 1324 1317 1394 uteremur,

271 1430 430 1517 permulta
465 1431 553 1519 prius
587 1430 758 1498 inlustrate
792 1441 848 1497 eut
883 1432 1015 1498 omnino
1045 1442 1101 1496 eut
1130 1453 1248 1518 msgns
1276 1455 1320 1498 ex

270 1559 364 1634 perte
391 1546 509 1613 iterum
536 1547 817 1614 eommemorands
848 1549 939 1616 nobis
968 1561 1088 1618 essent.
1125 1571 1205 1636 ques
1226 1569 1320 1636 repe·

271 1664 399 1731 titiones
431 1665 575 1752 ingratas
604 1677 637 1732 et
664 1666 816 1732 molestus
847 1677 884 1732 ut
912 1666 1089 1748 euitemus‚
1125 1687 1189 1754 ege
1219 1687 1319 1752 pons-

270 1805 342 1848 mus
362 1782 563 1870 probandum
583 1783 648 1848 ism
671 1805 741 1866 esse
761 1785 954 1871 probatum,
989 1794 1088 1872 etque
1109 1781 1320 1849 sdfirmsnoes

272 1897 418 1966 Clodium
447 1900 708 1987 quadrantariam
730 1925 750 1966 s
771 1900 900 1966 Ost-ullo
922 1899 1060 1966 Lesbiae
1091 1901 1221 1966 nomine
1242 1901 1319 1968 ficto

270 2015 483 2104 significatam
506 2041 578 2085 esse
595 2040 781 2084 enarremus
797 2039 1021 2107 quaecumque
1035 2018 1075 2084 de
1089 2016 1209 2086 catulli
1232 2041 1319 2086 eme

269 2135 358 2200 ribus
381 2157 422 2200 ex
444 2135 512 2200 eius
533 2135 615 2202 libro
638 2135 796 2202 declarari
817 2159 911 2222 posse
932 2137 1024 2202 nobis
1046 2135 1208 2202 uidentur.
1252 2159 1318 2224 quo

269 2251 356 2316 fecto
372 2252 413 2318 sb
425 2275 490 2318 uno
506 2275 636 2342 quoque
650 2254 762 2318 berum
772 2275 881 2318 rerum
896 2253 1000 2341 perito
1016 2252 1135 2319 arbitro
1148 2263 1182 2318 et
1197 2253 1318 2320 intelle-

270 2370 359 2457 genti
382 2370 519 2436 diseerni
534 2370 684 2436 fseillime
698 2372 819 2458 poterit
832 2381 938 2436 utrum
960 2392 1019 2435 nos
1041 2379 1129 2436 reete
1143 2369 1183 2436 de
1199 2369 1320 2436 Lesbis

270 2491 475 2556 statuerimus
503 2511 545 2554 sn
572 2510 646 2577 spes
671 2489 713 2554 sit
741 2491 811 2554 fore
840 2499 876 2556 ut
904 2487 966 2556 sliu
996 2487 1123 2554 ratione
1144 2484 1224 2587 irrite
1245 2486 1318 2574 plus

269 2607 331 2672 buc
352 2605 385 2670 in
406 2628 441 2672 re
463 2603 659 2692 proficiatur.
