2954 4492
468 325 520 377 vn
553 325 601 378 DE
618 321 761 378 tumultu
773 322 974 378 Blummco
1192 325 1240 378 tes

190 491 269 557 dem
291 493 362 558 lere
383 491 603 556 coniecturam
618 499 731 577 postea
746 487 894 577 Scaliger
914 490 955 556 ad
977 487 1124 556 carminis
1139 511 1241 554 xxvm

189 607 212 672 9
242 617 277 673 et
305 605 445 694 Pighius
472 605 635 672 annelium
664 607 885 672 Romanorum
907 630 937 674 ιιι
958 607 1021 676 380
1040 607 1188 672 fecerunt
1209 615 1242 671 ct

189 725 246 792 hic
260 745 346 790 euno
359 723 479 800 698156
492 721 680 789 Memmium
700 745 720 787 a
734 723 816 790 lulio
832 721 971 790 (laesere
992 721 1242 810 repetundarum

191 861 287 908 reum
318 840 442 906 lactum
472 861 542 906 esse
572 839 709 927 putauit
761 839 879 928 quibus
911 837 1035 908 Gitanii
1068 849 1101 905 et
1133 837 1240 926 Pighii

191 957 363 1024 sententiis
394 965 523 1044 praeter
553 956 654 1022 multa
685 955 750 1022 alia
778 965 959 1043 temporum
990 957 1073 1020 ratio
1109 953 1237 1020 omnino

191 1081 382 1161 oppugnat,
403 1072 534 1161 quaudo
556 1071 703 1160 quidem,
734 1093 809 1138 cum
830 1071 1002 1138 Memmius
1023 1094 1065 1138 ex
1086 1070 1239 1157 Bithynia

191 1189 333 1256 Romam
358 1187 471 1274 rediit,
501 1187 622 1256 Caesar
649 1189 714 1254 iam
742 1187 863 1254 dudum
884 1189 916 1255 in
938 1186 1050 1257 Gallia
1070 1188 1239 1276 prouincia

189 1315 408 1372 commoratus
441 1294 490 1371 est
520 1327 528 1371 ι
559 1329 635 1372 nam
674 1327 758 1393 quae
788 1304 926 1393 Pighius
960 1305 1000 1372 de
1036 1305 1239 1371 accusatione

188 1421 337 1490 Memmii
356 1443 415 1510 per
435 1421 558 1488 litterae
572 1423 661 1488 facta
681 1421 836 1489 ariolator
856 1443 921 1488 non
944 1430 993 1488 est
1015 1423 1102 1510 quod
1123 1421 1239 1488 refuto

188 1561 273 1606 mus.
315 1537 442 1604 accedit
460 1546 498 1604 ut
517 1546 587 1604 tota
607 1537 730 1608 Gifanii
753 1548 785 1604 et
805 1537 913 1626 Pighii
937 1540 1046 1626 opinio
1069 1541 1110 1607 ab
1132 1561 1238 1604 emen·

187 1655 296 1723 dendo
316 1653 447 1723 nomine
470 1653 557 1742 quod
577 1655 611 1721 in
633 1656 724 1722 libris
745 1657 791 1720 M
816 1660 904 1722 aiace
925 1665 974 1722 est
995 1655 1145 1744 pendeat,
1176 1677 1237 1743 pro

188 1795 256 1860 que
277 1771 460 1860 corruptela
475 1768 627 1837 Gifanius
647 1781 680 1836 et
700 1771 835 1859 Pighius
847 1760 1000 1838 ‘Memmi'
1015 1780 1238 1838 correxerunt.

189 1888 248 1954 sed
285 1898 477 1977 corruptum
510 1887 589 1954 illud
620 1911 759 1971 nomen,
801 1888 895 1954 sicuti
936 1889 970 1954 iu
999 1885 1236 1956 Schneidewini

187 2002 356 2092 philologo
383 2025 415 2070 vr
441 2003 503 2070 377
534 2003 770 2092 Nipperdeius,
801 2027 898 2092 quem
925 2005 1077 2072 Hertzius
1106 2014 1236 2072 secutus

188 2131 251 2205 est,
272 2121 393 2204 docuit,
414 2120 463 2187 M.
477 2120 578 2188 Iaacc
598 2121 771 2209 legendum
791 2131 825 2188 et
845 2121 887 2187 ad
901 2123 1003 2190 Asiae
1024 2144 1065 2189 ex
1085 2131 1237 2210 praetura

189 2235 417 2328 proconsulem
446 2237 583 2304 Iuncum
612 2239 668 2324 (ct‘.
697 2238 782 2306 Plut
804 2237 898 2308 Caes.
929 2238 950 2304 2
980 2238 1086 2306 Vellei
1107 2237 1235 2306 Patere.

188 2379 210 2423 ιι
231 2355 289 2440 42)
311 2355 388 2421 anni
408 2354 535 2440 680174,
558 2377 623 2444 quo
645 2355 715 2443 ipso
736 2377 822 2422 anno
844 2357 1022 2424 orationem
1042 2377 1102 2444 pro
1123 2356 1235 2444 Bithy·

189 2470 240 2538 nis
274 2470 397 2538 Caesar
431 2471 564 2557 habuit,
605 2472 811 2539 referendum
841 2482 900 2540 est.
959 2483 1103 2540 ceterum
1139 2495 1235 2539 nemo

190 2587 308 2677 opinor
329 2585 495 2656 Catullum
516 2587 586 2654 sine
605 2587 670 2654 ullo
695 2589 784 2655 lucro
802 2589 999 2677 eprouincia
1013 2589 1132 2656 abiisse
1145 2599 1235 2676 puta·

188 2706 249 2772 hit.
293 2713 330 2770 ut
350 2705 444 2770 huius
462 2705 510 2772 rei
532 2704 680 2793 exemplo
710 2715 800 2789 utar,
829 2705 1008 2790 Catulum,
1040 2685 1236 2795 quamquam

186 2819 271 2889 ‘octo
286 2821 470 2889 hominibus
491 2821 587 2888 rectis
608 2821 651 2887 ad
673 2816 830 2890 lecticam²
850 2823 907 2909 (cf.
930 2847 953 2888 x
969 2825 1017 2889 16.
1040 2825 1097 2905 20)
1120 2824 1234 2905 caruit,

187 2950 299 3006 tomen
320 2939 497 3028 phaselum,
524 2961 588 3027 quo
609 2937 642 3005 iu
663 2939 792 3006 Italiam
813 2940 910 3007 rediit
931 2961 1093 3029 quemque
1111 2941 1144 3006 in
1165 2941 1235 3027 ipsa

185 3057 345 3144 Bithynia
381 3057 575 3122 fabricatum
608 3077 679 3122 esse
708 3057 778 3144 ipse
807 3064 848 3124 ιιιι
878 3059 919 3124 10
949 3069 1046 3146 poeta
1080 3059 1233 3142 narreuit,

186 3195 296 3263 neque
316 3173 409 3239 aliter
429 3175 580 3261 remiges,
602 3173 718 3260 quihus
733 3175 766 3240 in
788 3174 867 3240 mari
882 3174 1129 3242 transmittendo
1153 3197 1234 3264 opus

184 3301 267 3374 erat,
289 3289 434 3358 deluere
449 3290 622 3377 Bithynico
636 3291 698 3357 sihi
713 3313 907 3380 conparasse
921 3292 999 3358 mihi
1015 3293 1145 3382 quidem
1166 3316 1234 3361 oer-

185 3407 347 3474 tissimum
368 3417 426 3472 est

270 3523 339 3612 Spe
366 3525 467 3611 igitur
497 3547 557 3592 sua
582 3526 734 3614 deceptus
763 3536 858 3612 poeto
883 3529 917 3592 in
943 3525 1133 3594 Memmium
1159 3551 1232 3596 con-

185 3641 267 3708 uitia
287 3641 364 3708 iecit
386 3663 471 3730 quae
492 3665 589 3730 supra
610 3643 827 3710 recensuimus
842 3653 876 3710 et
889 3665 1018 3712 carmen
1032 3645 1108 3713 illud
1123 3669 1233 3728 ιιιινιιι,

187 3779 253 3846 quo
273 3759 338 3824 iam
361 3759 491 3847 saepius
512 3760 563 3827 usi
582 3781 702 3844 sumus,
724 3761 775 3828 his
797 3760 911 3830 clausit
931 3762 1079 3830 uersibus
