3002 4490
577 353 655 405 xlm
688 353 737 405 DE
754 351 886 404 vtt‘t'l'lo
1204 355 1255 408 dlb

206 541 279 586 mus
312 521 398 586 enim
430 529 464 585 et
493 529 627 607 quartus
655 520 689 584 in
721 519 813 587 libris
843 519 938 586 uelde
965 529 1117 606 corrupte
1144 519 1256 609 scripti

207 637 298 720 eunt)
318 637 358 704 ad
380 635 512 702 modum
533 637 692 702 incertum
710 645 768 703 eet.
811 655 852 701 ne
872 635 1000 722 longior
1021 635 1089 720 sim,
1114 634 1256 703 breuiter

207 753 369 820 emotebo
391 751 531 841 primum
551 763 682 818 uerrunt
702 773 775 818 cnm
790 751 938 820 Pelledic
953 751 1096 819 Auentio
1111 752 1257 842 Hauptio

207 867 333 958 Haysio
350 868 420 936 aliie
439 869 487 937 ite
504 867 708 937 scribendum
729 891 801 936 esee
822 867 924 936 uideri
940 892 948 935 ε
967 867 1009 936 et
1025 874 1075 936 otei
1093 871 1161 935 iare
1180 872 1257 936 dcco

206 1009 297 1053 secer
330 989 452 1052 olorem
482 988 588 1052 ebeu'tit
617 985 726 1054 lebeus.
784 985 835 1052 cui
870 983 1048 1074 scripturee
1077 1008 1137 1052 nec
1171 1009 1256 1075 quse

209 1102 367 1191 Iosephus
386 1101 520 1170 Pohlius
541 1103 590 1188 (in
610 1102 785 1170 lectionum
806 1102 1063 1171 Getullienarurn
1084 1103 1255 1191 specimine

206 1241 237 1308 p.
272 1219 329 1306 59)
370 1219 403 1285 in
445 1241 517 1286 eam
559 1219 642 1287 dixit
682 1241 744 1287 nec
784 1218 885 1309 ipsius
926 1219 1111 1288 coniectum
1149 1219 1255 1286 Poblii

206 1335 338 1404 officere
367 1347 512 1423 possunt.
561 1339 618 1427 qni
644 1359 716 1404 cnm
748 1336 988 1404 similitudinem
1019 1337 1104 1404 inter
1133 1335 1256 1404 Rufum

206 1454 368 1522 hircosum
397 1453 547 1520 carminis
576 1473 688 1519 nxvrrrr
718 1463 750 1519 et
779 1473 851 1520 cum
879 1453 935 1540 qui
964 1461 1098 1542 propter
1118 1452 1255 1519 eandem

204 1565 366 1638 ‘nasorum
395 1565 529 1660 pestcm’
556 1570 589 1636 in
621 1569 762 1637 cermine
792 1589 872 1636 nxxr
902 1569 1131 1658 perstringitur
1161 1569 1255 1636 fenile

206 1685 424 1774 conspicuam·
443 1696 519 1775 poet
545 1686 757 1753 Parthenium
786 1683 965 1752 Palladium
992 1685 1157 1753 Muretnm
1189 1685 1255 1752 eni·

205 1801 431 1869 meduertiseet
465 1801 624 1891 simulque
663 1803 871 1890 conpluribus
906 1801 1072 1869 Ciceronis
1107 1811 1140 1868 ct
1175 1799 1255 1870 Gee-

205 1920 287 1988 serto
314 1919 394 1985 locis
418 1919 456 1986 L.
479 1918 639 2007 quendem
663 1917 838 1985 Vibullium
859 1917 982 1987 Rufum
1012 1917 1256 1986 commemorari

207 2036 414 2119 meminisset,
435 2036 521 2102 bunc
542 2034 704 2102 aOatnllo
726 2034 853 2102 duobus
873 2035 923 2101 his
945 2036 1142 2104 carminibus
1163 2037 1255 2102 cesti·

208 2165 322 2242 gotum
345 2175 413 2220 asse
434 2153 612 2220 inconsulte
634 2162 667 2220 ct
687 2161 807 2220 temere
829 2155 942 2220 statuit
959 2175 1090 2220 uersum
1105 2153 1255 2220 carminis

207 2291 287 2340 nxxr
307 2271 448 2359 primum
470 2271 515 2336 ita
536 2270 709 2358 legendnm
732 2269 906 2338 arbitratus
927 2293 935 2336 ε
958 2269 994 2336 et
1020 2276 1090 2359 quoi
1101 2319 1110 2350 ,
1141 2271 1255 2356 Vrdalli,

207 2409 297 2454 mer
317 2389 440 2454 alenam
461 2387 578 2453 odetits't
597 2387 709 2454 hircus.
753 2407 858 2474 neque
885 2385 991 2473 magis
1018 2407 1102 2476 quse
1123 2387 1256 2454 Pohlins

207 2503 374 2593 praecepit
397 2504 438 2571 dc
459 2525 556 2571 uersu
579 2514 705 2593 quarto,
734 2524 829 2592 quom
851 2502 964 2570 Isaeco
986 2502 1103 2570 Vossio
1126 2513 1257 2572 auctore

207 2621 253 2688 ita
275 2621 372 2690 scribi
395 2619 490 2688 iussit
509 2620 640 2706 mireflce
661 2634 704 2686 ert
722 2644 761 2686 co
780 2632 812 2686 tu
831 2633 940 2687 motus
954 2633 1115 2709 utrumque
1135 2624 1256 2706 malum,

205 2738 330 2806 lsudari
361 2747 506 2826 possunt.
555 2737 705 2827 equidem
745 2736 895 2806 dubitem
925 2759 991 2806 non
1018 2759 1150 2826 possum
1179 2739 1257 2828 quin

207 2855 355 2924 Catullus
377 2854 446 2922 eius
467 2855 559 2922 cuins
580 2855 741 2922 aemulum
763 2855 920 2944 cuiusque
940 2877 1084 2922 amorem
1105 2856 1138 2922 in
1159 2879 1257 2924 uersu

207 2973 304 3040 terlio
333 2972 598 3046 commemorenit
636 2994 755 3039 nomen
784 2970 881 3038 etiam
912 2971 1018 3060 ipenm
1050 2973 1083 3039 in
1114 2973 1256 3040 oerminc

208 3089 352 3156 elocutus
372 3091 424 3157 sit.
469 3089 620 3179 itsqnesi
639 3111 704 3157 non
719 3089 912 3174 emendatio,
931 3092 1015 3158 ratio
1029 3099 1137 3156 tamen
1154 3112 1257 3156 emen·

209 3205 310 3274 dendi
335 3207 451 3298 Heysii
480 3207 559 3274 milri
589 3207 695 3295 placet
726 3207 760 3274 in
793 3207 975 3296 corruptele
1003 3229 1117 3275 nerem
1149 3207 1257 3295 quarti

207 3344 324 3392 nomen
346 3323 511 3413 proprium
534 3325 636 3392 letare
657 3326 826 3390 censentis.
870 3323 980 3391 similis
1007 3346 1111 3413 eaque
1137 3325 1256 3415 duplex

206 3439 365 3509 dubitatio
380 3440 422 3508 de
437 3462 477 3510 eo
491 3441 603 3510 existit
617 3441 650 3508 in
663 3463 761 3531 qnem
777 3440 926 3510 Getullus
941 3463 1071 3508 carmen
1085 3461 1256 3510 nxxxxvur

206 3555 247 3624 Ire
275 3569 322 3636 te,
352 3560 385 3624 η’
408 3561 443 3626 eir
469 3581 647 3647 qumquam
675 3559 745 3626 dici
767 3571 856 3646 pota,
885 3561 994 3646 putide
1022 3559 1105 3626 Ve‘ctt'
1121 3559 1256 3647 scripsit

204 3675 345 3764 primum
374 3675 458 3742 enim
488 3677 646 3744 incertum
678 3686 727 3743 est
756 3697 821 3764 que
840 3676 964 3744 ratione
984 3697 1103 3744 nomen
1124 3677 1194 3744 eius
1215 3675 1258 3744 eit

206 3791 431 3878 scribendum,
452 3793 609 3862 incertum
634 3791 751 3860 deinde
768 3792 841 3880 quis
861 3792 917 3861 ille
936 3794 1043 3862 fuerit.
1084 3793 1157 3861 libri
1179 3793 1257 3860 boni

203 3909 327 3978 hebent
356 3909 438 3977 Victi
442 3959 453 3997 ,
482 3911 568 3978 unde
604 3909 743 3977 editores
775 3912 901 3999 priores
938 3911 1069 3998 quidam
1099 3911 1179 3977 Veeti
1205 3909 1257 3978 nel
