2922 4478
148 299 171 332 .
263 252 305 328 ⁵2
575 267 700 326 xxxxv
719 268 975 327 ie-xxaavss

326 457 414 539 ignis
435 455 592 522 mollibus
614 453 708 522 ardet
728 457 765 520 in
786 453 960 522 modullis’.

326 573 387 640 hoo
408 582 447 641 ut
467 573 561 652 dixit,
585 575 697 651 Amor,
721 573 856 640 sinistra
876 581 915 640 at
935 582 1021 652 auto,

327 692 446 758 dextra
467 694 609 758 sternuit
631 691 906 775 approbationem.

328 833 416 877 nuno
438 812 480 878 ab
503 812 649 895 auspioio
671 811 756 876 bono
778 812 914 894 proieoti

263 928 307 995 20
327 932 452 997 mutuis
474 933 593 996 animis
616 936 730 995 amant
752 937 913 994 amantur.

327 1071 429 1115 unam
451 1048 644 1133 Septumius
666 1047 816 1114 misellus
839 1049 964 1113 Acmen

327 1169 458 1235 mauult
479 1189 578 1251 quam
600 1166 718 1254 Syrias
738 1169 1008 1250 Britanniasque:

326 1308 393 1353 uno
415 1288 451 1351 in
474 1285 636 1371 Septimio
657 1288 766 1354 fidelis
787 1289 893 1354 Aome

326 1406 407 1472 faoit
428 1405 562 1472 delioias
584 1405 805 1490 libidinisque.

262 1525 304 1590 25
326 1526 401 1608 quis
422 1525 509 1591 ullos
531 1524 683 1593 homines
705 1525 866 1590 beatiores

326 1643 418 1722 uidit,
441 1644 515 1726 quis
536 1643 702 1710 Venerem
724 1641 999 1726 auspioatioreml

677 1913 869 1982 XXXXVI

329 2087 399 2183 lam
420 2137 481 2183 uer
501 2117 646 2202 egelidos
667 2118 768 2184 refert
789 2125 928 2202 tepores,

327 2239 393 2302 iam
416 2237 498 2302 eaali
520 2239 611 2301 l'uror
633 2237 882 2320 aequinoctialis

327 2356 478 2422 iooundis
499 2355 633 2440 zephyri
657 2356 782 2422 silescit
804 2358 920 2422 aureis

328 2474 522 2556 linquantur
542 2473 685 2558 phrygii,
708 2473 847 2550 Catulle,
870 2475 976 2557 oampi

284 2591 305 2654 5
327 2590 528 2672 Nicaeaeque
550 2613 626 2674 agor
646 2591 727 2655 aber
749 2601 930 2657 aestuosae:

328 2708 369 2773 ad
392 2709 497 2774 olaras
519 2710 619 2774 Asiae
642 2710 792 2776 nolemus
813 2709 921 2776 urbes

327 2826 395 2889 iam
417 2846 510 2889 mens
532 2826 780 2909 praetrepidans
803 2836 879 2894 auet
900 2830 1023 2912 uagari,

327 2943 395 3007 iam
418 2945 494 3007 laeti
517 2943 626 3009 studio
648 2944 747 3027 podes
769 2945 953 3030 uigesount.

328 3082 347 3127 o
370 3059 481 3127 duloes
502 3063 661 3129 oomitum
682 3063 793 3129 ualete
814 3073 935 3140 coetus,

267 3329 297 3382 lt
315 3330 454 3383 sinistrauit
470 3341 529 3385 ante
559 3343 571 3389 ΙΙ
603 3333 633 3384 18
655 3333 776 3386 Dextram
803 3343 816 3392 11
843 3333 874 3385 21
900 3350 991 3402 agmen
1014 3344 1028 3394 ΙΙ
1050 3333 1086 3386 22
1107 3337 1239 3404 ayriaaque
1262 3347 1279 3394 tt

264 3411 401 3466 xxxxvl
421 3417 432 3466 l
453 3433 513 3468 uero
530 3417 627 3485 gelidos
650 3425 663 3474 lt
686 3419 797 3470 bruher
814 3426 915 3470 eatuoro
939 3427 952 3476 ΙΙ

264 3599 364 3650 batione
390 3599 447 3654 Vos
471 3605 548 3655 Amor
565 3602 666 3654 sinister
682 3611 742 3654 aute
756 3603 876 3654 Dextram
894 3601 994 3654 Vossius
1112 3599 1142 3653 17
1159 3613 1182 3652 et
1202 3603 1233 3654 18
1250 3606 1284 3670 gf.

264 3699 346 3734 aereas
365 3685 381 3734 8
399 3685 456 3734 229
524 3687 558 3736 24
575 3687 734 3752 libidinisque
759 3685 788 3736 V:
805 3687 974 3753 libidinesque
993 3680 1037 3764 βω
1051 3685 1097 3736 Lm

331 3797 469 3853 mxvt
481 3799 497 3851 7
509 3811 532 3851 et
542 3802 559 3852 8
568 3803 649 3865 pontit
656 3805 738 3868 post3
750 3803 935 3858 LDoederb'aas
947 3814 1011 3858 orat.
1027 3813 1049 3856 et
1057 3813 1175 3858 marat.
1189 3807 1213 3861 11
1224 3805 1283 3858 308
