2920 4492
261 348 294 400 08
402 345 430 400 Π
463 345 512 400 DE
528 343 633 400 ANNIS
650 343 783 400 usuam
798 344 846 398 uu
862 343 995 400 saram
1011 344 1164 398 curuum

258 511 382 602 aliquid
402 511 594 580 Weieherto
624 511 680 596 (de
700 512 792 601 reliq.
813 519 900 600 poet.
922 511 993 578 Lot
1016 533 1049 599 p.
1072 511 1147 598 130)
1170 521 1203 582 et
1223 513 1308 582 Dru·

258 651 377 696 manuo
400 628 486 713 (hist.
509 628 605 696 Rom.
627 650 649 691 v
670 628 743 712 683,
765 628 821 712 23)
843 628 995 696 suboluit.

342 745 408 814 See
437 744 515 834 quid
546 745 588 812 de
608 754 754 832 tempore
785 766 849 834 quo
870 745 999 813 Nonius
1027 746 1060 812 in
1092 747 1173 814 sella
1204 745 1309 815 curuli

259 861 379 930 sederit
399 860 640 929 statuendum?
682 871 769 930 reete
789 861 998 930 Lehmannus
1019 862 1187 931 uduotsuit
1207 885 1308 930 unum

259 976 302 1045 ‹le
322 978 384 1046 hac
410 1000 445 1046 rc
472 989 619 1046 constare
640 981 727 1068 quod
749 978 932 1048 Catulliouo
961 981 1103 1048 carmine
1124 980 1309 1064 doceamur,

260 1094 405 1162 Nonium
427 1095 461 1162 in
482 1097 562 1163 sella
583 1097 686 1164 curuli
706 1107 775 1164 tum
796 1096 933 1180 sedisse,
965 1119 1037 1164 oum
1067 1096 1220 1190 Vatinius
1250 1117 1310 1184 per

261 1211 463 1280 consulatum
494 1213 664 1301 peieraret.
715 1211 802 1301 quod
840 1213 970 1300 quando
1008 1213 1157 1281 Vatinius
1193 1214 1309 1280 fecisse

259 1329 441 1396 censendus
468 1329 509 1395 sit
539 1329 604 1394 iam
632 1327 840 1417 inquiramus.
883 1328 945 1394 uiri
975 1330 1063 1396 docti
1091 1330 1193 1418 igitur
1214 1331 1310 1418 pleri·

260 1467 324 1535 que
338 1467 451 1512 omnes
472 1467 601 1511 uersum
618 1445 751 1511 tertium
767 1467 824 1531 per
838 1447 1025 1512 omsulotcm
1036 1451 1154 1532 peierat
1175 1445 1309 1514 Vetusta

261 1562 308 1630 ita
334 1561 564 1628 intellexerunt
592 1571 629 1628 ut
657 1561 877 1645 consulatum,
906 1583 1002 1651 quom
1031 1561 1153 1630 Caesar
1174 1563 1308 1630 Vatinio

259 1689 292 1746 et
314 1677 355 1760 Q.
376 1678 470 1746 Fufio
491 1679 613 1748 Caleno
641 1679 676 1744 in
697 1690 859 1746 extremos
886 1680 954 1746 dies
974 1681 1093 1746 mensis
1115 1679 1308 1746 Decembris

258 1795 335 1864 anni
356 1795 471 1874 707147
494 1797 654 1862 concessit
683 1797 738 1881 (ci
761 1795 943 1862 Drumanni
970 1796 1043 1864 hiat.
1065 1796 1161 1864 Rom.
1182 1819 1213 1862 ιιι
1236 1797 1308 1878 567,

261 1912 300 1979 71
322 1935 353 1978 ιιι
368 1912 439 1994 249,
454 1913 509 1996 46)
526 1911 688 1980 Catullum
710 1911 830 1979 uidisse
845 1923 1002 2000 putarent
1045 1914 1132 2001 quod
1152 1914 1180 1980 si
1195 1935 1311 1980 uerum

259 2039 356 2112 esset,
378 2027 497 2096 Outulli
520 2031 586 2096 uita
607 2030 774 2096 minimum
795 2029 837 2096 ad
859 2029 956 2096 finem
978 2051 1080 2118 usque
1094 2030 1171 2096 suni
1193 2029 1308 2108 707147

260 2157 346 2214 esset
377 2145 596 2214 continuanda
622 2171 629 2212 :
657 2147 711 2212 cui
737 2146 785 2212 rei
812 2169 910 2235 quum
940 2147 1080 2214 maxime
1115 2147 1148 2213 id
1180 2148 1310 2214 obstare

261 2263 390 2330 uidetur
411 2262 497 2351 quod
520 2264 552 2329 in
575 2262 663 2330 nullo
683 2263 758 2331 libri
780 2261 954 2330 Catulliani
981 2263 1124 2330 carmine
1150 2285 1202 2330 res
1224 2286 1311 2330 oom-

262 2391 483 2448 memorentur
518 2401 602 2468 quae
634 2381 719 2447 inter
746 2403 849 2448 annos
879 2381 995 2458 700154
1022 2391 1056 2448 et
1085 2379 1201 2458 707147
1230 2381 1313 2448 acci·

263 2495 390 2562 derunt.
432 2495 552 2562 etenim
582 2518 656 2562 cum
688 2495 830 2564 carmina
860 2497 1021 2584 permulto
1041 2497 1075 2564 in
1096 2496 1180 2564 libro
1201 2497 1312 2565 Catul-

264 2613 349 2680 licno
365 2612 463 2678 insint
483 2633 567 2699 quse
588 2635 673 2678 enno
689 2613 806 2691 700154
826 2623 860 2680 et
877 2613 1024 2702 proxime
1046 2613 1312 2682 antecedentibus

264 2727 411 2796 Catullus
426 2729 563 2818 scripsit,
575 2731 607 2797 id
618 2731 705 2819 quod
719 2731 803 2797 inira
817 2731 996 2798 luculenter
1010 2731 1311 2814 demonstrabimus,

264 2845 418 2914 miramur
451 2847 507 2936 qui
537 2848 657 2916 factum
685 2849 727 2915 sit
756 2858 794 2916 ut
820 2871 861 2916 ne
892 2869 994 2916 unum
1026 2850 1155 2938 quidem
1182 2869 1312 2916 carmen

261 2964 392 3052 reperiri
413 2963 516 3053 possit
533 2967 619 3054 quod
633 2974 731 3054 poste
744 2965 829 3032 intre
842 2965 1045 3054 septennium
1059 2989 1179 3034 annum
1195 2967 1312 3046 700154

259 3083 458 3169 subsequens
470 3083 684 3170 conposuerit,
699 3105 771 3148 cum
784 3083 973 3171 praesertim
987 3085 1062 3151 anni
1077 3085 1123 3151 illi
1138 3108 1157 3151 c
1170 3087 1310 3152 maxime

260 3197 522 3266 memorabilibus
536 3200 636 3266 totius
650 3200 857 3286 reipublicae
872 3201 1041 3270 Romanas
1052 3201 1173 3270 fuerint
1182 3225 1191 3267 ι
1201 3203 1312 3289 cogita

261 3335 382 3403 quaeso
415 3313 578 3382 Catullum
607 3315 648 3382 de
679 3339 763 3382 suno
785 3317 903 3396 702152
921 3318 1213 3400 turbulentissimo,
1245 3341 1310 3408 quo

260 3432 395 3501 Clodius
415 3434 523 3521 periit,
544 3434 584 3501 de
605 3434 698 3500 anuis
718 3435 835 3512 toolse
851 3446 883 3502 et
902 3434 1028 3518 706148,
1052 3436 1169 3523 quibus
1190 3437 1309 3504 bellum
1447 3521 1448 3524 Ἴ

259 3547 409 3618 Caesaris
431 3561 464 3616 et
484 3549 619 3640 Pompei
642 3552 738 3619 ciuile
759 3551 880 3618 exarsit
900 3561 933 3620 ot
961 3552 1145 3620 confectum
1171 3562 1237 3637 est,
1269 3555 1310 3621 de
1447 3531 1448 3596 i

259 3666 345 3734 bello
373 3668 595 3736 Alexandrino
616 3669 693 3736 anui
714 3669 830 3748 707147
858 3669 995 3736 uerbum
1027 3671 1157 3737 omnino
1186 3670 1309 3738 nullum

259 3783 375 3851 ieeime
409 3807 516 3876 neque
560 3785 734 3876 quicquam
768 3788 1072 3854 commemomuisse
1114 3787 1201 3877 quod
1244 3789 1309 3856 ulla

259 3900 385 3970 rstione
408 3925 481 3970 oum
504 3903 602 3972 rebus
616 3903 679 3970 illia
698 3903 882 3974 cohaereat.
924 3903 1016 3972 ouius
1037 3907 1220 3994 argumenti
1241 3905 1308 3974 uim
