<?xml version="1.0" encoding="UTF-8"?>
<!DOCTYPE html PUBLIC "-//W3C//DTD XHTML 1.0 Transitional//EN"
    "http://www.w3.org/TR/xhtml1/DTD/xhtml1-transitional.dtd">
<html xmlns="http://www.w3.org/1999/xhtml" xml:lang="en" lang="en">
 <head>
  <title>
</title>
<meta http-equiv="Content-Type" content="text/html;charset=utf-8" />
  <meta name='ocr-system' content='tesseract 3.04.00' />
  <meta name='ocr-capabilities' content='ocr_page ocr_carea ocr_par ocr_line ocrx_word'/>
</head>
<body>
  <div class='ocr_page' id='page_1' title='image "./gvalericatvllil00schwgoog_0327.png"; bbox 0 0 3002 4490; ppageno 0'>
   <div class='ocr_carea' id='block_1_1' title="bbox 259 337 1092 394">
    <p class='ocr_par' dir='ltr' id='par_1_1' title="bbox 259 337 1092 394">
     <span class='ocr_line' id='line_1_1' title="bbox 259 337 1092 394; baseline 0.004 -3"><span class='ocrx_word' id='word_1_1' title='bbox 259 341 311 391; x_wconf 75' lang='lat'><strong>³14</strong></span> <span class='ocrx_word' id='word_1_2' title='bbox 473 337 551 390; x_wconf 83' lang='lat' dir='ltr'><strong>xlm</strong></span> <span class='ocrx_word' id='word_1_3' title='bbox 586 339 634 390; x_wconf 72' lang='lat' dir='ltr'><strong>DE</strong></span> <span class='ocrx_word' id='word_1_4' title='bbox 653 338 761 392; x_wconf 75' lang='lat' dir='ltr'>ALLIO</span> <span class='ocrx_word' id='word_1_5' title='bbox 779 339 917 394; x_wconf 73' lang='grc' dir='ltr'><strong>ΝΔΒΟΝΕ</strong></span> <span class='ocrx_word' id='word_1_6' title='bbox 935 339 1092 394; x_wconf 70' lang='lat' dir='ltr'><strong>consulo</strong></span> 
     </span>
    </p>
   </div>
   <div class='ocr_carea' id='block_1_2' title="bbox 252 503 1308 2349">
    <p class='ocr_par' dir='ltr' id='par_1_2' title="bbox 252 503 1308 2349">
     <span class='ocr_line' id='line_1_2' title="bbox 259 503 1308 597; baseline 0.01 -27"><span class='ocrx_word' id='word_1_7' title='bbox 259 503 314 592; x_wconf 91' lang='lat' dir='ltr'><strong>qui</strong></span> <span class='ocrx_word' id='word_1_8' title='bbox 342 503 462 572; x_wconf 73' lang='lat' dir='ltr'><strong>fuerim</strong></span> <span class='ocrx_word' id='word_1_9' title='bbox 487 525 594 592; x_wconf 87' lang='lat' dir='ltr'><strong>neque</strong></span> <span class='ocrx_word' id='word_1_10' title='bbox 622 505 662 571; x_wconf 78' lang='lat' dir='ltr'><strong>(le</strong></span> <span class='ocrx_word' id='word_1_11' title='bbox 685 505 887 593; x_wconf 71' lang='lat' dir='ltr'><strong>temporibus</strong></span> <span class='ocrx_word' id='word_1_12' title='bbox 907 506 1083 574; x_wconf 84' lang='lat' dir='ltr'><strong>carminum</strong></span> <span class='ocrx_word' id='word_1_13' title='bbox 1105 530 1189 597; x_wconf 85' lang='lat' dir='ltr'><strong>qnae</strong></span> <span class='ocrx_word' id='word_1_14' title='bbox 1208 510 1308 580; x_wconf 72' lang='lat' dir='ltr'><strong>morlo</strong></span> 
     </span>
     <span class='ocr_line' id='line_1_3' title="bbox 259 621 1308 709; baseline 0.01 -24"><span class='ocrx_word' id='word_1_15' title='bbox 259 621 516 688; x_wconf 82' lang='lat' dir='ltr'><strong>enumerauimus</strong></span> <span class='ocrx_word' id='word_1_16' title='bbox 538 622 710 709; x_wconf 87' lang='lat' dir='ltr'><strong>quicquam</strong></span> <span class='ocrx_word' id='word_1_17' title='bbox 733 621 812 688; x_wconf 87' lang='lat' dir='ltr'><strong>oerti</strong></span> <span class='ocrx_word' id='word_1_18' title='bbox 833 621 939 690; x_wconf 80' lang='lat' dir='ltr'><strong>dicore</strong></span> <span class='ocrx_word' id='word_1_19' title='bbox 953 624 1118 692; x_wconf 80' lang='lat' dir='ltr'><strong>hebemus</strong></span> <span class='ocrx_word' id='word_1_20' title='bbox 1157 625 1243 694; x_wconf 84' lang='lat' dir='ltr'><strong>idem</strong></span> <span class='ocrx_word' id='word_1_21' title='bbox 1265 627 1308 695; x_wconf 85' lang='lat' dir='ltr'><strong>da</strong></span> 
     </span>
     <span class='ocr_line' id='line_1_4' title="bbox 258 735 1308 827; baseline 0.01 -23"><span class='ocrx_word' id='word_1_22' title='bbox 258 738 363 822; x_wconf 85' lang='lat' dir='ltr'><strong>Allio,</strong></span> <span class='ocrx_word' id='word_1_23' title='bbox 392 759 488 827; x_wconf 90' lang='lat' dir='ltr'><strong>quem</strong></span> <span class='ocrx_word' id='word_1_24' title='bbox 509 735 657 804; x_wconf 81' lang='lat' dir='ltr'><strong>Catullus</strong></span> <span class='ocrx_word' id='word_1_25' title='bbox 684 738 718 804; x_wconf 88' lang='lat' dir='ltr'><strong>in</strong></span> <span class='ocrx_word' id='word_1_26' title='bbox 749 741 892 807; x_wconf 82' lang='lat' dir='ltr'><strong>carmine</strong></span> <span class='ocrx_word' id='word_1_27' title='bbox 923 749 1035 809; x_wconf 66' lang='lat' dir='ltr'><strong>txrur¹²</strong></span> <span class='ocrx_word' id='word_1_28' title='bbox 1056 743 1174 810; x_wconf 87' lang='lat' dir='ltr'><strong>amoris</strong></span> <span class='ocrx_word' id='word_1_29' title='bbox 1200 744 1249 811; x_wconf 87' lang='lat' dir='ltr'><strong>eui</strong></span> <span class='ocrx_word' id='word_1_30' title='bbox 1273 755 1308 814; x_wconf 80' lang='lat' dir='ltr'><strong>et</strong></span> 
     </span>
     <span class='ocr_line' id='line_1_5' title="bbox 256 852 1305 950; baseline 0.01 -30"><span class='ocrx_word' id='word_1_31' title='bbox 256 852 395 921; x_wconf 81' lang='lat' dir='ltr'><strong>Lesbiae</strong></span> <span class='ocrx_word' id='word_1_32' title='bbox 422 854 601 922; x_wconf 83' lang='lat' dir='ltr'><strong>adiutorem</strong></span> <span class='ocrx_word' id='word_1_33' title='bbox 633 855 847 943; x_wconf 78' lang='lat' dir='ltr'><strong>praedicauit,</strong></span> <span class='ocrx_word' id='word_1_34' title='bbox 880 867 913 925; x_wconf 88' lang='lat' dir='ltr'><strong>et</strong></span> <span class='ocrx_word' id='word_1_35' title='bbox 949 857 990 924; x_wconf 84' lang='lat' dir='ltr'><strong>de</strong></span> <span class='ocrx_word' id='word_1_36' title='bbox 1017 858 1149 929; x_wconf 77' lang='lat' dir='ltr'>Nasone</span> <span class='ocrx_word' id='word_1_37' title='bbox 1175 861 1305 950; x_wconf 84' lang='lat' dir='ltr'><strong>pethioo</strong></span> 
     </span>
     <span class='ocr_line' id='line_1_6' title="bbox 256 970 1306 1060; baseline 0.008 -22"><span class='ocrx_word' id='word_1_38' title='bbox 256 971 421 1039; x_wconf 82' lang='lat' dir='ltr'><strong>fatendum</strong></span> <span class='ocrx_word' id='word_1_39' title='bbox 437 981 496 1056; x_wconf 86' lang='lat' dir='ltr'><strong>eet,</strong></span> <span class='ocrx_word' id='word_1_40' title='bbox 517 994 612 1060; x_wconf 87' lang='lat' dir='ltr'><strong>quam</strong></span> <span class='ocrx_word' id='word_1_41' title='bbox 628 970 777 1041; x_wconf 75' lang='lat' dir='ltr'><strong>Catullus</strong></span> <span class='ocrx_word' id='word_1_42' title='bbox 795 973 828 1040; x_wconf 90' lang='lat' dir='ltr'><strong>iu</strong></span> <span class='ocrx_word' id='word_1_43' title='bbox 845 975 988 1042; x_wconf 86' lang='lat' dir='ltr'><strong>carmine</strong></span> <span class='ocrx_word' id='word_1_44' title='bbox 1003 995 1067 1044; x_wconf 82' lang='lat' dir='ltr'><strong>oxu</strong></span> <span class='ocrx_word' id='word_1_45' title='bbox 1086 977 1205 1044; x_wconf 75' lang='lat' dir='ltr'><strong>Mullus</strong></span> <span class='ocrx_word' id='word_1_46' title='bbox 1218 978 1306 1046; x_wconf 77' lang='lat' dir='ltr'><strong>bomo</strong></span> 
     </span>
     <span class='ocr_line' id='line_1_7' title="bbox 256 1091 1306 1183; baseline 0.01 -31"><span class='ocrx_word' id='word_1_47' title='bbox 256 1113 302 1174; x_wconf 81' lang='lat' dir='ltr'><strong>ee,</strong></span> <span class='ocrx_word' id='word_1_48' title='bbox 323 1091 430 1168; x_wconf 83' lang='lat' dir='ltr'><strong>Naro,</strong></span> <span class='ocrx_word' id='word_1_49' title='bbox 462 1111 517 1156; x_wconf 79' lang='lat' dir='ltr'><strong>ceo</strong></span> <span class='ocrx_word' id='word_1_50' title='bbox 544 1103 643 1156; x_wconf 76' lang='lat' dir='ltr'><strong>cecum</strong></span> <span class='ocrx_word' id='word_1_51' title='bbox 664 1091 780 1157; x_wconf 64' lang='lat' dir='ltr'><strong>maimo</strong></span> <span class='ocrx_word' id='word_1_52' title='bbox 799 1094 884 1159; x_wconf 75' lang='lat' dir='ltr'><strong>tom</strong></span> <span class='ocrx_word' id='word_1_53' title='bbox 906 1103 952 1158; x_wconf 81' lang='lat' dir='ltr'><strong>eet</strong></span> <span class='ocrx_word' id='word_1_54' title='bbox 974 1095 1032 1180; x_wconf 77' lang='lat' dir='ltr'><strong>qui</strong></span> <span class='ocrx_word' id='word_1_55' title='bbox 1052 1093 1249 1183; x_wconf 83' lang='lat' dir='ltr'><strong>adloquitur,</strong></span> <span class='ocrx_word' id='word_1_56' title='bbox 1270 1103 1306 1162; x_wconf 88' lang='lat' dir='ltr'><strong>et</strong></span> 
     </span>
     <span class='ocr_line' id='line_1_8' title="bbox 255 1205 1304 1299; baseline 0.005 -26"><span class='ocrx_word' id='word_1_57' title='bbox 255 1207 297 1273; x_wconf 91' lang='lat' dir='ltr'><strong>de</strong></span> <span class='ocrx_word' id='word_1_58' title='bbox 312 1205 474 1284; x_wconf 83' lang='lat' dir='ltr'><strong>Camerio,</strong></span> <span class='ocrx_word' id='word_1_59' title='bbox 496 1206 535 1274; x_wconf 86' lang='lat' dir='ltr'><strong>sd</strong></span> <span class='ocrx_word' id='word_1_60' title='bbox 558 1228 655 1296; x_wconf 86' lang='lat' dir='ltr'><strong>quem</strong></span> <span class='ocrx_word' id='word_1_61' title='bbox 677 1206 815 1275; x_wconf 82' lang='lat' dir='ltr'><strong>amicum</strong></span> <span class='ocrx_word' id='word_1_62' title='bbox 837 1207 891 1275; x_wconf 88' lang='lat' dir='ltr'><strong>diu</strong></span> <span class='ocrx_word' id='word_1_63' title='bbox 913 1231 952 1276; x_wconf 87' lang='lat' dir='ltr'><strong>ao</strong></span> <span class='ocrx_word' id='word_1_64' title='bbox 972 1209 1094 1278; x_wconf 80' lang='lat' dir='ltr'><strong>frustra</strong></span> <span class='ocrx_word' id='word_1_65' title='bbox 1115 1232 1173 1299; x_wconf 87' lang='lat' dir='ltr'><strong>per</strong></span> <span class='ocrx_word' id='word_1_66' title='bbox 1190 1212 1304 1278; x_wconf 85' lang='lat' dir='ltr'><strong>urbam</strong></span> 
     </span>
     <span class='ocr_line' id='line_1_9' title="bbox 255 1322 1305 1414; baseline 0.005 -24"><span class='ocrx_word' id='word_1_67' title='bbox 255 1322 435 1412; x_wconf 88' lang='lat' dir='ltr'><strong>quaesitum</strong></span> <span class='ocrx_word' id='word_1_68' title='bbox 459 1323 605 1391; x_wconf 79' lang='lat' dir='ltr'><strong>Catullus</strong></span> <span class='ocrx_word' id='word_1_69' title='bbox 627 1347 757 1391; x_wconf 81' lang='lat' dir='ltr'><strong>carmen</strong></span> <span class='ocrx_word' id='word_1_70' title='bbox 777 1325 922 1392; x_wconf 87' lang='lat' dir='ltr'><strong>iocosum</strong></span> <span class='ocrx_word' id='word_1_71' title='bbox 944 1345 990 1392; x_wconf 78' lang='lat' dir='ltr'><strong>ur</strong></span> <span class='ocrx_word' id='word_1_72' title='bbox 1014 1325 1147 1394; x_wconf 79' lang='lat' dir='ltr'><strong>Oramus</strong></span> <span class='ocrx_word' id='word_1_73' title='bbox 1169 1328 1203 1394; x_wconf 84' lang='lat' dir='ltr'><strong>ei</strong></span> <span class='ocrx_word' id='word_1_74' title='bbox 1211 1327 1305 1414; x_wconf 70' lang='lat' dir='ltr'><strong>forte</strong></span> 
     </span>
     <span class='ocr_line' id='line_1_10' title="bbox 254 1433 1304 1533; baseline 0.003 -26"><span class='ocrx_word' id='word_1_75' title='bbox 254 1463 312 1507; x_wconf 77' lang='lat' dir='ltr'><strong>nore</strong></span> <span class='ocrx_word' id='word_1_76' title='bbox 343 1433 497 1506; x_wconf 72' lang='lat' dir='ltr'><strong>molestam</strong></span> <span class='ocrx_word' id='word_1_77' title='bbox 530 1455 572 1506; x_wconf 76' lang='lat' dir='ltr'><strong>eet</strong></span> <span class='ocrx_word' id='word_1_78' title='bbox 601 1441 697 1508; x_wconf 80' lang='lat' dir='ltr'><strong>misit</strong></span> <span class='ocrx_word' id='word_1_79' title='bbox 754 1463 829 1508; x_wconf 87' lang='lat' dir='ltr'><strong>nam</strong></span> <span class='ocrx_word' id='word_1_80' title='bbox 859 1441 1034 1510; x_wconf 84' lang='lat' dir='ltr'><strong>sententiae</strong></span> <span class='ocrx_word' id='word_1_81' title='bbox 1065 1443 1215 1524; x_wconf 81' lang='lat' dir='ltr'><strong>Palladii,</strong></span> <span class='ocrx_word' id='word_1_82' title='bbox 1247 1445 1304 1533; x_wconf 88' lang='lat' dir='ltr'><strong>qui</strong></span> 
     </span>
     <span class='ocr_line' id='line_1_11' title="bbox 254 1555 1304 1630; baseline 0.007 -8"><span class='ocrx_word' id='word_1_83' title='bbox 254 1555 373 1622; x_wconf 89' lang='lat' dir='ltr'><strong>Iulium</strong></span> <span class='ocrx_word' id='word_1_84' title='bbox 409 1555 581 1625; x_wconf 79' lang='lat' dir='ltr'><strong>Gaesarem</strong></span> <span class='ocrx_word' id='word_1_85' title='bbox 616 1557 744 1625; x_wconf 89' lang='lat' dir='ltr'><strong>nomine</strong></span> <span class='ocrx_word' id='word_1_86' title='bbox 777 1557 918 1628; x_wconf 76' lang='lat' dir='ltr'><strong>camarii</strong></span> <span class='ocrx_word' id='word_1_87' title='bbox 953 1581 973 1625; x_wconf 84' lang='lat' dir='ltr'><strong>a</strong></span> <span class='ocrx_word' id='word_1_88' title='bbox 1004 1559 1133 1630; x_wconf 79' lang='lat' dir='ltr'><strong>Catullo</strong></span> <span class='ocrx_word' id='word_1_89' title='bbox 1167 1559 1304 1628; x_wconf 89' lang='lat' dir='ltr'><strong>inrisum</strong></span> 
     </span>
     <span class='ocr_line' id='line_1_12' title="bbox 253 1673 1302 1766; baseline 0.005 -26"><span class='ocrx_word' id='word_1_90' title='bbox 253 1697 324 1740; x_wconf 86' lang='lat' dir='ltr'><strong>essa</strong></span> <span class='ocrx_word' id='word_1_91' title='bbox 346 1674 493 1762; x_wconf 81' lang='lat' dir='ltr'><strong>opinatus</strong></span> <span class='ocrx_word' id='word_1_92' title='bbox 515 1685 572 1755; x_wconf 86' lang='lat' dir='ltr'><strong>est,</strong></span> <span class='ocrx_word' id='word_1_93' title='bbox 593 1686 626 1741; x_wconf 90' lang='lat' dir='ltr'><strong>et</strong></span> <span class='ocrx_word' id='word_1_94' title='bbox 645 1673 750 1760; x_wconf 83' lang='lat' dir='ltr'><strong>Statii,</strong></span> <span class='ocrx_word' id='word_1_95' title='bbox 773 1676 829 1766; x_wconf 90' lang='lat' dir='ltr'><strong>qui</strong></span> <span class='ocrx_word' id='word_1_96' title='bbox 850 1675 981 1744; x_wconf 85' lang='lat' dir='ltr'><strong>lectioni</strong></span> <span class='ocrx_word' id='word_1_97' title='bbox 1002 1677 1104 1744; x_wconf 81' lang='lat' dir='ltr'><strong>falsas</strong></span> <span class='ocrx_word' id='word_1_98' title='bbox 1124 1697 1238 1744; x_wconf 87' lang='lat' dir='ltr'><strong>uersus</strong></span> <span class='ocrx_word' id='word_1_99' title='bbox 1262 1680 1302 1746; x_wconf 87' lang='lat'><strong>16</strong></span> 
     </span>
     <span class='ocr_line' id='line_1_13' title="bbox 253 1791 1303 1882; baseline 0.004 -24"><span class='ocrx_word' id='word_1_100' title='bbox 253 1794 402 1858; x_wconf 75' lang='lat' dir='ltr'><strong>audacter</strong></span> <span class='ocrx_word' id='word_1_101' title='bbox 422 1797 578 1870; x_wconf 74' lang='lat' dir='ltr'><strong>committe,</strong></span> <span class='ocrx_word' id='word_1_102' title='bbox 602 1793 701 1877; x_wconf 81' lang='lat' dir='ltr'><strong>crede,</strong></span> <span class='ocrx_word' id='word_1_103' title='bbox 723 1793 810 1860; x_wconf 79' lang='lat' dir='ltr'><strong>Luci</strong></span> <span class='ocrx_word' id='word_1_104' title='bbox 824 1802 938 1882; x_wconf 84' lang='lat' dir='ltr'><strong>postea</strong></span> <span class='ocrx_word' id='word_1_105' title='bbox 952 1791 1109 1880; x_wconf 76' lang='lat' dir='ltr'><strong>Scaligeri</strong></span> <span class='ocrx_word' id='word_1_106' title='bbox 1123 1794 1303 1882; x_wconf 80' lang='lat' dir='ltr'><strong>sagacitate</strong></span> 
     </span>
     <span class='ocr_line' id='line_1_14' title="bbox 253 1908 1302 2010; baseline 0.006 -35"><span class='ocrx_word' id='word_1_107' title='bbox 253 1919 418 1975; x_wconf 77' lang='lat' dir='ltr'><strong>correctae</strong></span> <span class='ocrx_word' id='word_1_108' title='bbox 460 1908 599 1975; x_wconf 85' lang='lat' dir='ltr'><strong>confisus</strong></span> <span class='ocrx_word' id='word_1_109' title='bbox 643 1910 712 1998; x_wconf 87' lang='lat' dir='ltr'><strong>ipsa</strong></span> <span class='ocrx_word' id='word_1_110' title='bbox 747 1910 882 1978; x_wconf 88' lang='lat' dir='ltr'><strong>Lucium</strong></span> <span class='ocrx_word' id='word_1_111' title='bbox 918 1910 1081 2000; x_wconf 82' lang='lat' dir='ltr'><strong>quendam</strong></span> <span class='ocrx_word' id='word_1_112' title='bbox 1117 1909 1302 2010; x_wconf 82' lang='lat' dir='ltr'><strong>Gamerium</strong></span> 
     </span>
     <span class='ocr_line' id='line_1_15' title="bbox 254 2023 1302 2116; baseline 0.008 -26"><span class='ocrx_word' id='word_1_113' title='bbox 254 2023 376 2092; x_wconf 82' lang='lat' dir='ltr'><strong>creauit</strong></span> <span class='ocrx_word' id='word_1_114' title='bbox 407 2035 439 2092; x_wconf 84' lang='lat' dir='ltr'><strong>et</strong></span> <span class='ocrx_word' id='word_1_115' title='bbox 468 2048 542 2092; x_wconf 89' lang='lat' dir='ltr'><strong>oum</strong></span> <span class='ocrx_word' id='word_1_116' title='bbox 566 2025 669 2092; x_wconf 92' lang='lat' dir='ltr'><strong>Luoio</strong></span> <span class='ocrx_word' id='word_1_117' title='bbox 698 2028 731 2093; x_wconf 90' lang='lat' dir='ltr'><strong>in</strong></span> <span class='ocrx_word' id='word_1_118' title='bbox 761 2049 855 2116; x_wconf 88' lang='lat' dir='ltr'><strong>quom</strong></span> <span class='ocrx_word' id='word_1_119' title='bbox 877 2049 1006 2096; x_wconf 77' lang='lat' dir='ltr'><strong>carmen</strong></span> <span class='ocrx_word' id='word_1_120' title='bbox 1028 2052 1050 2093; x_wconf 85' lang='lat' dir='ltr'>v</span> <span class='ocrx_word' id='word_1_121' title='bbox 1071 2031 1302 2098; x_wconf 71' lang='lat' dir='ltr'><strong>coniectorum</strong></span> 
     </span>
     <span class='ocr_line' id='line_1_16' title="bbox 253 2141 1304 2230; baseline 0.006 -22"><span class='ocrx_word' id='word_1_122' title='bbox 253 2141 514 2230; x_wconf 80' lang='lat' dir='ltr'><strong>Vergilianorum</strong></span> <span class='ocrx_word' id='word_1_123' title='bbox 536 2143 693 2211; x_wconf 82' lang='lat' dir='ltr'><strong>directum</strong></span> <span class='ocrx_word' id='word_1_124' title='bbox 715 2153 764 2211; x_wconf 88' lang='lat' dir='ltr'><strong>aet</strong></span> <span class='ocrx_word' id='word_1_125' title='bbox 784 2154 907 2213; x_wconf 89' lang='lat' dir='ltr'><strong>temere</strong></span> <span class='ocrx_word' id='word_1_126' title='bbox 927 2145 1103 2230; x_wconf 83' lang='lat' dir='ltr'><strong>coniunxit,</strong></span> <span class='ocrx_word' id='word_1_127' title='bbox 1123 2145 1214 2213; x_wconf 88' lang='lat' dir='ltr'><strong>nihili</strong></span> <span class='ocrx_word' id='word_1_128' title='bbox 1234 2169 1304 2214; x_wconf 66' lang='lat' dir='ltr'><strong>aea</strong></span> 
     </span>
     <span class='ocr_line' id='line_1_17' title="bbox 252 2259 1303 2349; baseline 0.004 -23"><span class='ocrx_word' id='word_1_129' title='bbox 252 2259 411 2326; x_wconf 81' lang='lat' dir='ltr'><strong>timendas</strong></span> <span class='ocrx_word' id='word_1_130' title='bbox 444 2280 514 2326; x_wconf 85' lang='lat' dir='ltr'><strong>esee</strong></span> <span class='ocrx_word' id='word_1_131' title='bbox 545 2259 681 2348; x_wconf 84' lang='lat' dir='ltr'><strong>quisque</strong></span> <span class='ocrx_word' id='word_1_132' title='bbox 708 2261 879 2348; x_wconf 81' lang='lat' dir='ltr'><strong>intellegit.</strong></span> <span class='ocrx_word' id='word_1_133' title='bbox 916 2271 1058 2328; x_wconf 86' lang='lat' dir='ltr'><strong>ceterum</strong></span> <span class='ocrx_word' id='word_1_134' title='bbox 1079 2285 1145 2330; x_wconf 88' lang='lat' dir='ltr'><strong>nou</strong></span> <span class='ocrx_word' id='word_1_135' title='bbox 1166 2261 1303 2349; x_wconf 73' lang='lat' dir='ltr'><strong>felicius,</strong></span> 
     </span>
    </p>
   </div>
   <div class='ocr_carea' id='block_1_3' title="bbox 252 2375 1490 2470">
    <p class='ocr_par' dir='ltr' id='par_1_3' title="bbox 252 2375 1490 2470">
     <span class='ocr_line' id='line_1_18' title="bbox 252 2375 1490 2470; baseline 0.005 -28"><span class='ocrx_word' id='word_1_136' title='bbox 252 2386 289 2443; x_wconf 86' lang='lat' dir='ltr'><strong>ut</strong></span> <span class='ocrx_word' id='word_1_137' title='bbox 318 2375 466 2460; x_wconf 86' lang='lat' dir='ltr'><strong>uidetur,</strong></span> <span class='ocrx_word' id='word_1_138' title='bbox 499 2398 603 2465; x_wconf 88' lang='lat' dir='ltr'><strong>nuper</strong></span> <span class='ocrx_word' id='word_1_139' title='bbox 633 2399 674 2444; x_wconf 85' lang='lat' dir='ltr'><strong>ex</strong></span> <span class='ocrx_word' id='word_1_140' title='bbox 703 2399 815 2444; x_wconf 88' lang='lat' dir='ltr'><strong>uersus</strong></span> <span class='ocrx_word' id='word_1_141' title='bbox 845 2378 921 2445; x_wconf 92' lang='lat' dir='ltr'><strong>noni</strong></span> <span class='ocrx_word' id='word_1_142' title='bbox 950 2379 1136 2467; x_wconf 78' lang='lat' dir='ltr'><strong>corruptele</strong></span> <span class='ocrx_word' id='word_1_143' title='bbox 1156 2379 1302 2470; x_wconf 86' lang='lat' dir='ltr'><strong>Heysiue</strong></span> <span class='ocrx_word' id='word_1_144' title='bbox 1358 2447 1361 2456; x_wconf 86' lang='grc'><strong>,</strong></span> <span class='ocrx_word' id='word_1_145' title='bbox 1489 2387 1490 2448; x_wconf 83' lang='lat' dir='ltr'><strong>l</strong></span> 
     </span>
    </p>
   </div>
   <div class='ocr_carea' id='block_1_4' title="bbox 249 2495 1303 3990">
    <p class='ocr_par' dir='ltr' id='par_1_4' title="bbox 249 2495 1303 3990">
     <span class='ocr_line' id='line_1_19' title="bbox 252 2495 1302 2582; baseline 0.009 -24"><span class='ocrx_word' id='word_1_146' title='bbox 252 2495 330 2560; x_wconf 82' lang='lat' dir='ltr'><strong>Auli</strong></span> <span class='ocrx_word' id='word_1_147' title='bbox 357 2515 554 2582; x_wconf 78' lang='lat' dir='ltr'><strong>praenomen</strong></span> <span class='ocrx_word' id='word_1_148' title='bbox 582 2495 694 2562; x_wconf 88' lang='lat' dir='ltr'><strong>elicuit</strong></span> <span class='ocrx_word' id='word_1_149' title='bbox 723 2507 755 2562; x_wconf 90' lang='lat' dir='ltr'><strong>et</strong></span> <span class='ocrx_word' id='word_1_150' title='bbox 777 2495 926 2562; x_wconf 85' lang='lat' dir='ltr'><strong>Camerio</strong></span> <span class='ocrx_word' id='word_1_151' title='bbox 958 2495 1082 2562; x_wconf 87' lang='lat' dir='ltr'><strong>indidit.</strong></span> <span class='ocrx_word' id='word_1_152' title='bbox 1132 2505 1246 2566; x_wconf 77' lang='lat' dir='ltr'><strong>eontra</strong></span> <span class='ocrx_word' id='word_1_153' title='bbox 1273 2500 1302 2566; x_wconf 89' lang='lat' dir='ltr'><strong>ei</strong></span> 
     </span>
     <span class='ocr_line' id='line_1_20' title="bbox 252 2613 1302 2703; baseline 0.007 -27"><span class='ocrx_word' id='word_1_154' title='bbox 252 2621 397 2698; x_wconf 88' lang='lat' dir='ltr'><strong>tempora</strong></span> <span class='ocrx_word' id='word_1_155' title='bbox 418 2621 620 2700; x_wconf 83' lang='lat' dir='ltr'><strong>spectemus,</strong></span> <span class='ocrx_word' id='word_1_156' title='bbox 642 2635 684 2680; x_wconf 87' lang='lat' dir='ltr'><strong>ex</strong></span> <span class='ocrx_word' id='word_1_157' title='bbox 705 2635 800 2680; x_wconf 86' lang='lat' dir='ltr'><strong>uersu</strong></span> <span class='ocrx_word' id='word_1_158' title='bbox 823 2623 915 2680; x_wconf 83' lang='lat' dir='ltr'><strong>sexto</strong></span> <span class='ocrx_word' id='word_1_159' title='bbox 935 2615 970 2680; x_wconf 79' lang='lat' dir='ltr'><strong>in</strong></span> <span class='ocrx_word' id='word_1_160' title='bbox 991 2613 1109 2703; x_wconf 75' lang='lat' dir='ltr'><strong>Mopsi</strong></span> <span class='ocrx_word' id='word_1_161' title='bbox 1127 2617 1219 2682; x_wconf 64' lang='lat' dir='ltr'><strong>aaut</strong></span> <span class='ocrx_word' id='word_1_162' title='bbox 1236 2639 1302 2682; x_wconf 77' lang='lat' dir='ltr'><strong>crre-</strong></span> 
     </span>
     <span class='ocr_line' id='line_1_21' title="bbox 251 2727 1301 2820; baseline 0.009 -29"><span class='ocrx_word' id='word_1_163' title='bbox 251 2727 406 2810; x_wconf 70' lang='lat' dir='ltr'><strong>musena,</strong></span> <span class='ocrx_word' id='word_1_164' title='bbox 429 2727 545 2814; x_wconf 84' lang='lat' dir='ltr'><strong>quibus</strong></span> <span class='ocrx_word' id='word_1_165' title='bbox 567 2729 675 2796; x_wconf 83' lang='lat' dir='ltr'><strong>uerbis</strong></span> <span class='ocrx_word' id='word_1_166' title='bbox 690 2728 832 2817; x_wconf 83' lang='lat' dir='ltr'><strong>porticus</strong></span> <span class='ocrx_word' id='word_1_167' title='bbox 847 2730 964 2796; x_wconf 83' lang='lat' dir='ltr'><strong>theatri</strong></span> <span class='ocrx_word' id='word_1_168' title='bbox 978 2755 1001 2798; x_wconf 80' lang='lat' dir='ltr'><strong>a</strong></span> <span class='ocrx_word' id='word_1_169' title='bbox 1014 2730 1169 2820; x_wconf 89' lang='lat' dir='ltr'><strong>Pompeio</strong></span> <span class='ocrx_word' id='word_1_170' title='bbox 1184 2730 1301 2800; x_wconf 79' lang='lat' dir='ltr'><strong>ilerum</strong></span> 
     </span>
     <span class='ocr_line' id='line_1_22' title="bbox 253 2841 1300 2936; baseline 0.006 -26"><span class='ocrx_word' id='word_1_171' title='bbox 253 2841 384 2910; x_wconf 78' lang='lat' dir='ltr'><strong>conerrle</strong></span> <span class='ocrx_word' id='word_1_172' title='bbox 405 2843 541 2911; x_wconf 84' lang='lat' dir='ltr'><strong>extructi</strong></span> <span class='ocrx_word' id='word_1_173' title='bbox 565 2845 738 2934; x_wconf 83' lang='lat' dir='ltr'><strong>magnilica</strong></span> <span class='ocrx_word' id='word_1_174' title='bbox 757 2845 812 2931; x_wconf 82' lang='lat' dir='ltr'><strong>(cs.</strong></span> <span class='ocrx_word' id='word_1_175' title='bbox 828 2867 860 2934; x_wconf 91' lang='lat' dir='ltr'><strong>p.</strong></span> <span class='ocrx_word' id='word_1_176' title='bbox 875 2847 938 2916; x_wconf 75' lang='lat'><strong>250</strong></span> <span class='ocrx_word' id='word_1_177' title='bbox 959 2857 992 2914; x_wconf 82' lang='lat' dir='ltr'><strong>et</strong></span> <span class='ocrx_word' id='word_1_178' title='bbox 1012 2847 1069 2933; x_wconf 80' lang='lat'><strong>33)</strong></span> <span class='ocrx_word' id='word_1_179' title='bbox 1090 2848 1300 2936; x_wconf 75' lang='lat' dir='ltr'><strong>significetur,</strong></span> 
     </span>
     <span class='ocr_line' id='line_1_23' title="bbox 251 2959 1302 3042; baseline 0.007 -17"><span class='ocrx_word' id='word_1_180' title='bbox 251 2959 453 3026; x_wconf 79' lang='lat' dir='ltr'><strong>manifestum</strong></span> <span class='ocrx_word' id='word_1_181' title='bbox 474 2971 538 3035; x_wconf 61' lang='lat' dir='ltr'><strong>‚est</strong></span> <span class='ocrx_word' id='word_1_182' title='bbox 569 2973 643 3029; x_wconf 88' lang='lat' dir='ltr'><strong>sote</strong></span> <span class='ocrx_word' id='word_1_183' title='bbox 671 2972 827 3031; x_wconf 83' lang='lat' dir='ltr'><strong>aestatem</strong></span> <span class='ocrx_word' id='word_1_184' title='bbox 853 2964 929 3032; x_wconf 78' lang='lat' dir='ltr'><strong>anui</strong></span> <span class='ocrx_word' id='word_1_185' title='bbox 957 2965 1075 3042; x_wconf 72' lang='lat' dir='ltr'><strong>eculeo</strong></span> <span class='ocrx_word' id='word_1_186' title='bbox 1104 2987 1234 3033; x_wconf 84' lang='lat' dir='ltr'><strong>carmen</strong></span> <span class='ocrx_word' id='word_1_187' title='bbox 1255 2986 1302 3034; x_wconf 75' lang='lat' dir='ltr'><strong>nv</strong></span> 
     </span>
     <span class='ocr_line' id='line_1_24' title="bbox 252 3075 1300 3168; baseline 0.006 -24"><span class='ocrx_word' id='word_1_188' title='bbox 252 3075 416 3144; x_wconf 78' lang='lat' dir='ltr'><strong>Catullum</strong></span> <span class='ocrx_word' id='word_1_189' title='bbox 437 3077 579 3148; x_wconf 84' lang='lat' dir='ltr'><strong>scribere</strong></span> <span class='ocrx_word' id='word_1_190' title='bbox 599 3101 664 3147; x_wconf 90' lang='lat' dir='ltr'><strong>non</strong></span> <span class='ocrx_word' id='word_1_191' title='bbox 680 3079 833 3168; x_wconf 82' lang='lat' dir='ltr'><strong>potuisse.</strong></span> <span class='ocrx_word' id='word_1_192' title='bbox 877 3079 972 3146; x_wconf 87' lang='lat' dir='ltr'><strong>etiam</strong></span> <span class='ocrx_word' id='word_1_193' title='bbox 994 3101 1123 3148; x_wconf 85' lang='lat' dir='ltr'><strong>carmon</strong></span> <span class='ocrx_word' id='word_1_194' title='bbox 1145 3101 1198 3150; x_wconf 77' lang='lat' dir='ltr'><strong>ovi</strong></span> <span class='ocrx_word' id='word_1_195' title='bbox 1221 3080 1300 3150; x_wconf 78' lang='lat' dir='ltr'><strong>Osset</strong></span> 
     </span>
     <span class='ocr_line' id='line_1_25' title="bbox 250 3193 1302 3285; baseline 0.008 -27"><span class='ocrx_word' id='word_1_196' title='bbox 250 3217 347 3279; x_wconf 81' lang='lat' dir='ltr'><strong>puero</strong></span> <span class='ocrx_word' id='word_1_197' title='bbox 369 3193 445 3260; x_wconf 81' lang='lat' dir='ltr'><strong>bello</strong></span> <span class='ocrx_word' id='word_1_198' title='bbox 464 3217 647 3281; x_wconf 77' lang='lat' dir='ltr'><strong>praeconem</strong></span> <span class='ocrx_word' id='word_1_199' title='bbox 668 3201 722 3285; x_wconf 79' lang='lat' dir='ltr'><strong>qai</strong></span> <span class='ocrx_word' id='word_1_200' title='bbox 740 3196 828 3264; x_wconf 74' lang='lat' dir='ltr'><strong>uidet</strong></span> <span class='ocrx_word' id='word_1_201' title='bbox 848 3219 915 3262; x_wconf 81' lang='lat' dir='ltr'><strong>esse</strong></span> <span class='ocrx_word' id='word_1_202' title='bbox 936 3197 998 3264; x_wconf 89' lang='lat' dir='ltr'><strong>hoo</strong></span> <span class='ocrx_word' id='word_1_203' title='bbox 1019 3198 1092 3266; x_wconf 91' lang='lat' dir='ltr'><strong>looo</strong></span> <span class='ocrx_word' id='word_1_204' title='bbox 1110 3218 1302 3266; x_wconf 88' lang='lat' dir='ltr'><strong>oommemo·</strong></span> 
     </span>
     <span class='ocr_line' id='line_1_26' title="bbox 251 3312 1302 3404; baseline 0.009 -29"><span class='ocrx_word' id='word_1_205' title='bbox 251 3312 409 3395; x_wconf 88' lang='lat' dir='ltr'><strong>randum,</strong></span> <span class='ocrx_word' id='word_1_206' title='bbox 440 3313 526 3399; x_wconf 88' lang='lat' dir='ltr'><strong>quod</strong></span> <span class='ocrx_word' id='word_1_207' title='bbox 559 3335 656 3401; x_wconf 85' lang='lat' dir='ltr'><strong>supra</strong></span> <span class='ocrx_word' id='word_1_208' title='bbox 687 3313 728 3380; x_wconf 86' lang='lat' dir='ltr'><strong>de</strong></span> <span class='ocrx_word' id='word_1_209' title='bbox 757 3313 919 3382; x_wconf 85' lang='lat' dir='ltr'><strong>amoribus</strong></span> <span class='ocrx_word' id='word_1_210' title='bbox 946 3313 1067 3382; x_wconf 77' lang='lat' dir='ltr'><strong>Catulli</strong></span> <span class='ocrx_word' id='word_1_211' title='bbox 1099 3315 1302 3404; x_wconf 80' lang='lat' dir='ltr'><strong>disputantes</strong></span> 
     </span>
     <span class='ocr_line' id='line_1_27' title="bbox 249 3427 1301 3521; baseline 0.004 -27"><span class='ocrx_word' id='word_1_212' title='bbox 249 3427 423 3496; x_wconf 83' lang='lat' dir='ltr'><strong>omisimus.</strong></span> <span class='ocrx_word' id='word_1_213' title='bbox 486 3430 574 3519; x_wconf 84' lang='lat' dir='ltr'><strong>quod</strong></span> <span class='ocrx_word' id='word_1_214' title='bbox 610 3451 683 3498; x_wconf 91' lang='lat' dir='ltr'><strong>cum</strong></span> <span class='ocrx_word' id='word_1_215' title='bbox 717 3430 758 3498; x_wconf 86' lang='lat' dir='ltr'><strong>de</strong></span> <span class='ocrx_word' id='word_1_216' title='bbox 788 3452 888 3518; x_wconf 88' lang='lat' dir='ltr'><strong>puero</strong></span> <span class='ocrx_word' id='word_1_217' title='bbox 925 3431 1067 3521; x_wconf 84' lang='lat' dir='ltr'><strong>quodam</strong></span> <span class='ocrx_word' id='word_1_218' title='bbox 1101 3432 1214 3520; x_wconf 84' lang='lat' dir='ltr'><strong>pulcro</strong></span> <span class='ocrx_word' id='word_1_219' title='bbox 1248 3432 1301 3510; x_wconf 77' lang='lat' dir='ltr'><strong>sit,</strong></span> 
     </span>
     <span class='ocr_line' id='line_1_28' title="bbox 250 3543 1303 3638; baseline 0.009 -29"><span class='ocrx_word' id='word_1_220' title='bbox 250 3543 281 3610; x_wconf 92' lang='lat' dir='ltr'><strong>in</strong></span> <span class='ocrx_word' id='word_1_221' title='bbox 304 3544 475 3634; x_wconf 83' lang='lat' dir='ltr'><strong>illaquam</strong></span> <span class='ocrx_word' id='word_1_222' title='bbox 497 3546 636 3614; x_wconf 84' lang='lat' dir='ltr'><strong>diximus</strong></span> <span class='ocrx_word' id='word_1_223' title='bbox 658 3545 874 3636; x_wconf 85' lang='lat' dir='ltr'><strong>disputatione</strong></span> <span class='ocrx_word' id='word_1_224' title='bbox 904 3549 980 3616; x_wconf 86' lang='lat' dir='ltr'><strong>data</strong></span> <span class='ocrx_word' id='word_1_225' title='bbox 1002 3550 1173 3616; x_wconf 75' lang='lat' dir='ltr'><strong>occasione</strong></span> <span class='ocrx_word' id='word_1_226' title='bbox 1194 3549 1303 3638; x_wconf 81' lang='lat' dir='ltr'><strong>aptius</strong></span> 
     </span>
     <span class='ocr_line' id='line_1_29' title="bbox 249 3661 1302 3754; baseline 0.006 -28"><span class='ocrx_word' id='word_1_227' title='bbox 249 3661 386 3728; x_wconf 82' lang='lat' dir='ltr'><strong>fortasse</strong></span> <span class='ocrx_word' id='word_1_228' title='bbox 420 3667 663 3732; x_wconf 80' lang='lat' dir='ltr'><strong>commemorari</strong></span> <span class='ocrx_word' id='word_1_229' title='bbox 692 3665 808 3754; x_wconf 87' lang='lat' dir='ltr'><strong>potuit.</strong></span> <span class='ocrx_word' id='word_1_230' title='bbox 861 3666 895 3732; x_wconf 88' lang='lat' dir='ltr'><strong>in</strong></span> <span class='ocrx_word' id='word_1_231' title='bbox 925 3665 1160 3735; x_wconf 84' lang='lat' dir='ltr'><strong>obscurissimis</strong></span> <span class='ocrx_word' id='word_1_232' title='bbox 1188 3667 1302 3734; x_wconf 85' lang='lat' dir='ltr'><strong>earmi-</strong></span> 
     </span>
     <span class='ocr_line' id='line_1_30' title="bbox 249 3779 1301 3871; baseline 0.009 -27"><span class='ocrx_word' id='word_1_233' title='bbox 249 3779 344 3846; x_wconf 88' lang='lat' dir='ltr'><strong>uibue</strong></span> <span class='ocrx_word' id='word_1_234' title='bbox 365 3779 439 3848; x_wconf 85' lang='lat' dir='ltr'><strong>libri</strong></span> <span class='ocrx_word' id='word_1_235' title='bbox 463 3779 638 3851; x_wconf 81' lang='lat' dir='ltr'><strong>Catulliani</strong></span> <span class='ocrx_word' id='word_1_236' title='bbox 660 3804 760 3849; x_wconf 90' lang='lat' dir='ltr'><strong>unum</strong></span> <span class='ocrx_word' id='word_1_237' title='bbox 783 3791 815 3850; x_wconf 86' lang='lat' dir='ltr'><strong>et</strong></span> <span class='ocrx_word' id='word_1_238' title='bbox 836 3781 1108 3871; x_wconf 72' lang='lat' dir='ltr'><strong>septuageu&#39;mum</strong></span> <span class='ocrx_word' id='word_1_239' title='bbox 1130 3805 1301 3852; x_wconf 84' lang='lat' dir='ltr'><strong>numeran-</strong></span> 
     </span>
     <span class='ocr_line' id='line_1_31' title="bbox 250 3891 1301 3990; baseline 0.008 -27"><span class='ocrx_word' id='word_1_240' title='bbox 250 3891 328 3964; x_wconf 85' lang='lat' dir='ltr'><strong>dum</strong></span> <span class='ocrx_word' id='word_1_241' title='bbox 349 3907 415 3978; x_wconf 85' lang='lat' dir='ltr'><strong>eet,</strong></span> <span class='ocrx_word' id='word_1_242' title='bbox 442 3898 531 3988; x_wconf 85' lang='lat' dir='ltr'><strong>quod</strong></span> <span class='ocrx_word' id='word_1_243' title='bbox 560 3921 625 3990; x_wconf 84' lang='lat' dir='ltr'><strong>qno</strong></span> <span class='ocrx_word' id='word_1_244' title='bbox 647 3901 744 3967; x_wconf 89' lang='lat' dir='ltr'><strong>modo</strong></span> <span class='ocrx_word' id='word_1_245' title='bbox 764 3899 1001 3968; x_wconf 82' lang='lat' dir='ltr'><strong>emendandum</strong></span> <span class='ocrx_word' id='word_1_246' title='bbox 1025 3900 1069 3967; x_wconf 88' lang='lat' dir='ltr'><strong>eit</strong></span> <span class='ocrx_word' id='word_1_247' title='bbox 1088 3901 1218 3986; x_wconf 78' lang='lat' dir='ltr'><strong>(uersus</strong></span> <span class='ocrx_word' id='word_1_248' title='bbox 1237 3901 1301 3990; x_wconf 80' lang='lat' dir='ltr'><strong>pri·</strong></span> 
     </span>
    </p>
   </div>
   <div class='ocr_carea' id='block_1_5' title="bbox 1477 3665 1490 3716">
    <p class='ocr_par' dir='ltr' id='par_1_5' title="bbox 1477 3665 1490 3716">
     <span class='ocr_line' id='line_1_32' title="bbox 1477 3665 1490 3716; baseline 0 0"><span class='ocrx_word' id='word_1_249' title='bbox 1477 3665 1490 3716; x_wconf 69' lang='lat' dir='ltr'><strong>t</strong></span> 
     </span>
    </p>
   </div>
   <div class='ocr_carea' id='block_1_6' title="bbox 0 0 1506 4490">
    <p class='ocr_par' dir='ltr' id='par_1_6' title="bbox 0 0 1506 4490">
     <span class='ocr_line' id='line_1_33' title="bbox 0 0 1506 4490; baseline 0 3"><span class='ocrx_word' id='word_1_250' title='bbox 0 0 1506 4490; x_wconf 95' lang='lat' dir='ltr'><strong> </strong></span> 
     </span>
    </p>
   </div>
  </div>
 </body>
</html>
