2954 4492
267 361 315 410 tlt
539 353 576 406 Vl
609 353 657 406 nn
675 351 855 407 automata
873 351 1028 406 curvum

346 523 418 588 Iam
446 519 641 588 carminibus
668 541 753 609 quae
781 519 820 585 arl
847 519 1031 584 Aufilenam
1055 514 1169 582 uelde
1191 515 1311 583 calla·

264 641 363 708 tullua
384 638 512 726 scripsit
532 635 731 724 explicandis
761 656 893 724 operam
913 655 1077 700 naucmue.
1120 633 1182 700 hnc
1202 644 1310 700 autem

265 766 411 845 spectare
432 765 511 843 puto
527 773 640 820 nxxxu
665 754 787 836 Quinti,
808 755 840 818 aa'
857 753 914 818 tili
932 757 981 817 nair
1001 754 1105 818 oculor
1125 752 1231 816 debere
1253 751 1313 818 oa·

265 875 366 939 trellum
387 892 408 939 ο
431 873 552 940 Caelia
572 872 752 955 Aufilenum
765 883 793 935 et
808 870 958 950 Quintiae
979 869 1155 954 Aufilenum
1178 887 1223 936 cx
1243 869 1312 934 Aa·

257 989 382 1078 fileae,
404 990 499 1055 lonae
520 1011 633 1074 temper
654 987 822 1053 laudantur
843 992 959 1052 amicae
979 1005 1034 1052 oxi
1059 986 1220 1072 Anfllcau,
1241 987 1313 1052 ciro

266 1119 420 1173 comanae
446 1107 553 1172 uiam
581 1106 665 1189 eolo,
701 1125 785 1193 quac
815 1105 842 1169 ni
872 1102 1044 1192 diligenter
1076 1102 1313 1186 examinantur,

264 1225 345 1292 haec
371 1224 470 1291 statui
498 1245 595 1311 pesae
617 1222 778 1288 uidentur.
823 1218 970 1287 Catullus
1000 1219 1182 1286 Aufilenam
1214 1241 1314 1306 quan·

235 1341 351 1426 ‚dam,
371 1341 537 1407 mulierem
561 1347 694 1427 nuptam
715 1338 771 1423 (cl.
793 1357 848 1405 cxl
871 1337 906 1423 2)
929 1337 1149 1404 veronensem
1171 1337 1226 1422 (cf.
1241 1336 1313 1419 02)

265 1459 396 1526 amauit
438 1457 495 1524 aed
514 1479 707 1546 quamquam
729 1458 772 1523 ab
793 1454 885 1522 initio
906 1454 1092 1522 reclamatus
1112 1475 1189 1520 mox
1202 1463 1311 1521 tamen

266 1575 413 1644 Catullus
434 1585 563 1663 epretns
585 1581 634 1640 eet
655 1575 696 1640 ab
717 1573 883 1656 Aufilenn,
916 1573 1038 1660 quippe
1064 1593 1148 1660 quae
1177 1568 1312 1650 Quintio

265 1694 374 1760 nescio
403 1692 455 1758 cui
485 1693 589 1780 magis
610 1691 720 1758 fauere
741 1691 908 1777 inciperet.
951 1690 1031 1754 haec
1053 1709 1137 1776 quae
1158 1687 1227 1754 dixi
1250 1687 1312 1751 cla-

266 1811 353 1877 ricra
384 1811 464 1876 fient
492 1810 590 1876 rebus
617 1808 752 1896 singulis
781 1807 1000 1874 consideratis.
1044 1807 1076 1872 in
1106 1805 1246 1872 carmine
1267 1823 1313 1870 cx

266 1926 413 1996 Catullus
434 1927 618 1992 Aufilenam
640 1925 786 2013 grauiter
813 1925 1001 2013 increpans,
1030 1921 1116 2010 quod
1143 1943 1178 1988 ee
1200 1922 1312 2008 uolup-

265 2044 385 2110 tatibus
416 2043 561 2110 nenereia
590 2043 650 2109 sibi
678 2042 842 2131 promissis
868 2051 901 2108 et
922 2041 986 2108 iam
1008 2049 1104 2106 antea
1126 2038 1311 2106 muneribus

266 2161 470 2249 conpensatic
493 2159 549 2244 (cf.
569 2159 689 2226 ueral
709 2161 791 2246 qued
809 2181 865 2224 nec
887 2157 946 2223 dat
966 2169 995 2223 et
1012 2156 1082 2242 ferr
1101 2179 1199 2243 caepa,
1212 2155 1311 2242 facia

256 2277 405 2366 sadaca)
425 2277 561 2365 inprobe
575 2275 805 2357 defraudanset,
827 2275 969 2364 peiorem
986 2295 1084 2363 quam
1096 2271 1311 2362 prostibulum

265 2394 487 2462 auarissimum
501 2392 667 2460 iudicauit.
710 2402 807 2480 atque
822 2391 921 2458 nihilo
938 2391 1041 2458 lenius
1055 2391 1087 2456 in
1106 2389 1246 2457 carmine
1256 2407 1311 2455 uxr

265 2511 434 2578 Aufilenue
466 2533 540 2576 cum
569 2521 686 2598 patrue
714 2510 817 2598 ipsius
844 2507 1049 2575 commissum
1076 2507 1236 2575 incestum
1255 2529 1310 2573 ex·

264 2629 441 2718 probrauit
484 2628 518 2695 in
545 2627 688 2694 carmine
717 2645 831 2693 Lxxxn
860 2625 1029 2707 Quintium
1059 2635 1155 2714 poete
1183 2625 1233 2690 hie
1265 2623 1310 2690 in·

263 2746 403 2836 plcrauit
424 2746 571 2814 uersibus
592 2767 633 2811 ne
655 2744 716 2810 eibi
738 2744 922 2810 Aufilenam
943 2744 1094 2832 eriperet,

391 2921 509 3002 Quinti,
532 2925 564 2988 st'
581 2923 642 2989 riba·
661 2929 707 2988 aar
727 2925 827 2987 oculos
848 2923 955 2987 debere
978 2919 1126 2988 Occultum

393 3035 396 3042 ’
430 3050 485 3103 ant
503 3039 594 3104 aliud
613 3039 647 3104 ai
664 3040 740 3126 quid
759 3043 862 3105 canuc
883 3051 925 3104 eat
944 3038 1050 3120 ecclia,

389 3160 505 3242 eripere
527 3157 560 3220 οἱ
577 3157 643 3222 noli
659 3157 751 3220 mulo
771 3155 856 3243 quod
876 3156 979 3220 carine
1000 3153 1051 3220 illi

429 3283 471 3338 eat
490 3273 584 3338 oeulis
606 3296 660 3338 een
682 3273 760 3360 qaid
778 3279 879 3338 carta
900 3285 944 3337 eat
964 3272 1068 3338 eculin.

265 3467 349 3535 quae
380 3447 539 3513 sententia
567 3449 710 3512 carmine
745 3447 918 3514 centesimo
948 3445 1133 3512 accuratius
1164 3445 1310 3532 inspecto

264 3563 359 3630 ualde
388 3563 641 3630 commendatur.
694 3563 728 3628 in
760 3584 825 3651 quo
858 3561 1024 3645 Catillus,
1065 3571 1178 3648 postea
1210 3581 1310 3648 quam

264 3680 531 3747 commemorauit
562 3679 708 3746 Caelium
729 3678 874 3746 Aufileni
895 3689 928 3746 ct
949 3677 1117 3759 Quintium
1139 3676 1312 3744 Aufilenae

264 3819 374 3864 amore
395 3795 551 3885 deperire,
573 3819 608 3863 ae
629 3795 676 3864 ait
696 3798 798 3862 amori
813 3795 919 3865 (laelii
934 3817 1031 3884 qnam
1046 3795 1186 3862 maxime
1199 3793 1311 3862 funere

264 3925 297 3982 et
318 3915 439 4000 optima
469 3934 617 4002 quaeque
647 3913 814 4000 adprecari
845 3913 951 3983 officia
971 3923 1249 3981 remuneraturum
1270 3933 1311 3978 ea
