3002 4490
578 337 657 390 XIIII
690 339 738 392 DE
756 337 863 392 ΔΒΙΜΟ
1139 363 1141 370 ·
1196 341 1243 394 obl

201 505 344 574 biensem
372 529 404 592 p.
425 505 505 588 322,
527 505 548 570 3
576 503 733 570 Horatius
761 513 943 572 saturarum
964 527 983 570 n
1004 505 1026 572 3
1046 505 1088 570 86
1109 525 1245 572 nomme

199 621 348 704 morsuit,
370 622 489 710 populo
505 622 654 688 Romano
668 621 767 690 dedit.
808 622 895 709 quod
908 642 973 688 non
989 620 1119 688 lenisset
1133 621 1246 711 opinor

199 739 324 823 Arrius,
346 741 373 806 si
393 749 485 826 paler
505 739 574 806 eius
595 739 691 806 nimie
705 741 877 808 obseurarn
894 738 1058 805 habuisset
1075 738 1245 826 originem.

200 855 339 943 deniquo
361 877 461 922 unum
476 865 578 923 restat
596 856 637 923 de
651 877 716 945 quo
730 877 833 944 peuoa
847 829 985 924 dicendis
999 862 1082 922 sunt.
1114 854 1246 922 Anium

200 972 316 1040 Gioero
347 972 442 1040 Bruti
469 973 540 1040 loeo
568 995 664 1060 quern
690 995 724 1061 p.
745 972 808 1040 325
836 972 983 1063 excripsi·
1002 973 1048 1038 eit
1069 971 1115 1038 Μ.
1138 971 1246 1041 Crassi

201 1087 415 1156 eeeuudarnm
448 1089 588 1176 partirnn
615 1089 743 1156 fnisse:
771 1088 950 1178 adsumpsit
981 1088 1082 1178 igitur
1109 1087 1246 1156 Crassus
1357 1075 1358 1078 ¹

201 1205 386 1294 saepissimo
408 1206 538 1272 Arrium
569 1205 690 1272 sosium
718 1205 774 1294 qui
800 1227 909 1274 senum
929 1207 964 1272 in
985 1205 1104 1272 eisdem
1124 1205 1247 1274 caussis

202 1332 278 1388 anre
308 1323 429 1388 indices
461 1321 610 1408 agendis
627 1321 759 1389 diceret.
821 1322 908 1391 unde
938 1323 1008 1390 sine
1038 1323 1136 1391 dubio
1168 1345 1268 1390 eon-.

199 1438 257 1526 ligi
290 1449 398 1527 potest
428 1460 500 1505 eum
533 1439 631 1506 Arrio
652 1439 754 1506 multa
781 1439 1014 1506 necessitudine
1041 1441 1247 1508 coniunctum

199 1555 300 1622 baisse
322 1555 366 1622 Μ.
389 1554 563 1640 crurum,
593 1567 629 1624 ut
659 1567 734 1644 pote
764 1557 815 1623 eni
844 1565 954 1624 actore
974 1558 1114 1643 partium
1136 1578 1246 1624 seeun-

199 1671 313 1738 darum
336 1672 389 1738 uel
408 1695 467 1758 per
487 1671 629 1741 indolem
656 1674 830 1740 oratoriam
860 1696 881 1740 a
907 1659 1011 1760 gloria
1043 1673 1246 1761 eloquentiae

197 1786 316 1876 insigni
344 1789 482 1878 quedam
511 1788 721 1878 adipiscenda
743 1790 846 1856 alieno
877 1811 957 1878 opus
988 1799 1082 1858 esset.
1124 1789 1246 1857 ideireo

198 1905 314 1972 Arrius
340 1905 492 1974 Crassum
521 1907 596 1992 (neo
622 1905 727 1972 solnm
753 1905 786 1972 in
817 1906 888 1973 loro
914 1917 948 1974 el
979 1908 1012 1972 in
1040 1906 1169 1990 rostris)
1201 1907 1246 1974 ito

198 2021 324 2090 adiuuit
344 2034 380 2090 nl
400 2045 472 2090 sese
492 2023 651 2092 betnrm
673 2043 743 2090 esso
760 2023 814 2088 ille
827 2024 923 2090 bomo
937 2024 1127 2111 inportunus
1140 2023 1246 2090 Hora·

198 2140 244 2206 tio
268 2142 465 2224 (saturarum
488 2165 494 2205 ι
515 2141 536 2206 9
557 2140 612 2224 45)
634 2139 795 2229 pollioitus
818 2149 897 2208 est:

797 2317 927 2383 deberes

300 2456 447 2522 moyerem
468 2435 648 2518 adiutorem,
667 2447 771 2520 pessel
791 2435 850 2522 qui
859 2436 954 2521 ferre
974 2435 1134 2518 secundos,

299 2550 380 2614 buno
401 2549 550 2616 bombrm
571 2553 658 2616 uelles
680 2556 708 2616 si
726 2551 850 2617 tradere
869 2576 880 2617 .·
901 2551 1079 2638 dispeream
1100 2553 1138 2617 m'

299 2665 469 2733 eromenes
489 2690 604 2733 ornnes.

197 2851 369 2931 prrsum
390 2841 423 2909 in
444 2863 540 2908 uersu
554 2843 692 2930 septimo
706 2841 822 2910 Arrius
841 2841 876 2909 in
890 2840 1018 2930 Syriam
1039 2843 1155 2909 missua
1176 2863 1247 2910 esee

198 2969 356 3026 narratur.
388 2981 496 3026 nonne
507 2959 554 3026 eie
568 2980 652 3046 qnae
665 2959 806 3026 diximus
818 2959 988 3047 probabile
999 2959 1138 3048 quodam
1149 2959 1246 3025 modo

200 3075 238 3142 lit
259 3075 392 3142 Arrium
414 3075 521 3142 neseio
542 3097 606 3164 quo
626 3097 760 3142 monere
780 3075 908 3164 publioo
930 3077 1120 3142 instruotnm
1141 3077 1175 3142 in
1195 3097 1246 3142 oo·

200 3193 294 3259 horre
313 3191 480 3260 semiliaria
502 3193 551 3258 sni
572 3191 619 3258 Μ.
642 3191 751 3261 Orsaei
781 3193 879 3259 fnisse
902 3211 1040 3279 eumque
1061 3193 1095 3258 in
1116 3189 1245 3279 Syriam

199 3309 400 3398 prouinciam
420 3310 481 3377 sub
502 3309 601 3376 linem
622 3309 696 3375 anni
717 3310 836 3388 699155
856 3318 1002 3376 secutum
1030 3307 1129 3376 esse?
1162 3330 1246 3398 qnae

199 3425 386 3494 oonieetnra
399 3427 427 3494 ei
442 3425 608 3515 probetur,
631 3424 777 3494 Catullus
800 3447 864 3494 non
886 3436 962 3492 ante
978 3425 1101 3514 priores
1118 3447 1246 3494 memes

200 3541 276 3606 anni
305 3541 423 3620 700154
454 3563 583 3610 aermon
612 3561 748 3608 nmnu
777 3543 916 3609 seribere
943 3543 1086 3629 potuisse
1107 3543 1245 3628 uidetur,

201 3656 352 3746 quonism
380 3659 412 3726 is
437 3661 493 3748 qui
520 3660 668 3726 nuntium
690 3661 730 3726 do
750 3659 831 3726 meri
851 3653 991 3726 ‘Hionio’
1017 3658 1105 3748 quod
1129 3660 1245 3727 Arrius

198 3773 432 3842 nominanisaot
446 3775 583 3844 Romam
604 3777 758 3844 attulerat
770 3797 835 3842 non
857 3777 945 3864 priua
966 3799 1008 3844 ex
1027 3777 1109 3844 Asia
1125 3777 1245 3844 redisse

198 3893 313 3980 potuit
