2954 4492
276 385 325 434 102
562 379 584 430 V
618 381 667 431 Du
685 377 864 431 enomere
883 375 1037 431 cervum

274 547 419 634 prolibus
448 569 618 635 perperam
649 543 807 632 explicato
829 542 1030 624 indicantur,
1066 541 1153 629 quod
1181 543 1319 629 primum

275 677 398 752 septem
429 663 462 729 in
498 663 639 731 Gellium
675 663 867 750 scriptorum
906 659 1082 726 carminum
1117 659 1319 747 conpositum

275 805 345 848 esse
366 781 515 846 arbitror.
557 802 667 845 corum
690 801 773 867 quae
794 777 827 842 in
848 778 910 842 hoc
931 775 1070 842 carmine
1091 774 1199 842 Gellio
1220 777 1320 842 mina-

271 910 325 965 tus
345 908 415 964 erat

486 1079 520 1130 at
537 1066 626 1149 fisus
646 1066 760 1130 nesam
780 1077 812 1130 ta
831 1065 907 1130 dati
924 1066 1101 1150 applicitam

273 1253 356 1318 bene
385 1271 506 1315 memor
538 1247 684 1315 Catullus
706 1249 899 1315 carminibus
922 1268 1032 1314 nxxtm
1055 1268 1148 1314 nxxx
1171 1267 1319 1314 Lmvor

274 1389 431 1434 Lxxxvuu
475 1385 591 1430 Lxxxx
639 1385 765 1430 Lxxxxt
815 1364 976 1430 hominem
1018 1362 1320 1452 inpatientissimum

274 1487 392 1551 acriter
431 1482 599 1570 inpugnat.
652 1503 781 1548 carmen
825 1500 920 1565 cxvi,
966 1481 1054 1569 quod
1098 1481 1195 1547 modo
1238 1491 1321 1548 trac-

274 1600 424 1682 tauimus,
446 1623 543 1687 quam
565 1599 711 1687 proxime
733 1620 860 1665 carmen
885 1617 1013 1665 Lxxxxr
1035 1597 1109 1665 Non
1128 1597 1209 1682 ideo,
1232 1597 1320 1680 Gelli,

275 1719 440 1804 sperabam
460 1729 488 1781 te
508 1716 586 1782 mili
598 1715 697 1800 fidam
718 1717 881 1804 excepisse
902 1715 1040 1782 uidetur.
1082 1715 1115 1779 in
1137 1736 1201 1804 quo
1223 1725 1321 1812 poeta

276 1834 362 1914 dicit,
385 1857 457 1900 cum
478 1831 621 1900 Gellium
642 1855 708 1898 non
724 1832 875 1898 delectari
896 1833 958 1898 nisi
980 1832 1144 1927 amoribus
1163 1833 1321 1899 scelestis·

277 1952 364 2018 simis
394 1972 458 2016 non
488 1952 673 2036 ignoraret,
706 1951 752 2033 de}
774 1972 883 2015 amore
911 1972 969 2016 suo
992 1973 1026 2015 se
1047 1959 1153 2016 tutum
1175 1949 1319 2034 duxisse,

276 2068 354 2158 quia
383 2066 543 2150 Gellium,
577 2065 770 2132 incestorum
801 2076 926 2133 tantum
959 2078 1171 2149 sectatorem,
1209 2090 1320 2134 amore

275 2185 411 2251 Lesbiae
430 2185 560 2250 uinculo
592 2183 758 2272 sanguinis
790 2183 850 2250 sibi
882 2206 948 2250 non
968 2184 1160 2250 coniunctae
1190 2185 1321 2253 inocntli

274 2301 441 2390 probabile
454 2323 518 2367 non
535 2301 658 2366 fuisset.
681 2311 778 2388 etque
793 2324 988 2391 quamquam
1003 2301 1073 2389 ipse
1089 2303 1321 2370 consuetudine

276 2421 416 2508 quadam
448 2441 521 2484 cum
543 2416 651 2484 Gellio
673 2418 875 2484 consociatus
895 2419 1029 2502 fuisset,
1061 2428 1168 2484 tamen
1188 2441 1254 2485 non
1276 2421 1322 2487 ita

278 2560 312 2602 se
334 2535 485 2601 metuisse
506 2559 546 2600 ne
567 2535 620 2600 ille
641 2533 793 2601 Lesbiam
815 2545 1052 2624 corrumperet,
1084 2536 1160 2624 qnia
1192 2538 1321 2624 puellae

277 2676 342 2719 non
364 2664 523 2739 cognatae
548 2654 589 2719 sb
611 2653 713 2718 amico
732 2651 926 2718 auertendae
946 2653 1048 2719 scelus
1069 2654 1163 2718 nimis
1184 2677 1321 2741 paruum

277 2781 309 2835 et
327 2770 397 2834 leue
419 2769 463 2835 illi
487 2769 618 2856 flagitiis
640 2756 714 2836 solis
737 2767 847 2837 dedito
869 2769 1046 2857 putandum
1067 2770 1189 2836 fuisset.
1231 2779 1321 2836 atae

277 2889 445 2952 errauisse.
489 2909 549 2952 nco
578 2888 710 2975 opinato
744 2885 884 2952 Gellium
913 2885 992 2952 illud
1019 2887 1111 2952 nefas
1134 2887 1320 2955 studiosus

276 3005 409 3092 (lignum
431 3004 581 3070 habuisse
603 3005 696 3092 eique
717 3003 869 3070 Lesbiam
891 3025 998 3069 amere
1019 3003 1169 3070 lubuisse.

380 3170 426 3234 Tu
447 3171 540 3254 satis,
562 3169 666 3257 inquit
687 3180 803 3257 poete,
835 3171 871 3234 s'd
889 3171 979 3234 duali
996 3193 1007 3234 .·
1027 3182 1143 3235 tenuem
1164 3169 1225 3234 riti
1239 3194 1320 3256 qou-

977 3288 1063 3352 de'um
1084 3292 1117 3351 io
1138 3287 1224 3351 omni

476 3401 571 3487 culpo
592 3414 647 3485 est,
668 3403 703 3466 eis
724 3424 918 3490 qwcuusque
939 3413 984 3468 est
1004 3403 1127 3489 aliquid
1146 3402 1281 3467 sceleris.

278 3587 362 3653 quse
377 3564 416 3630 de
430 3565 546 3631 Lesbia
561 3565 692 3655 eiusque
712 3588 821 3633 amore
834 3577 931 3654 poeta
952 3591 990 3634 eo
1010 3576 1156 3657 tempore
1171 3588 1235 3653 quo
1255 3589 1322 3632 car

276 3704 349 3746 men
371 3681 433 3746 hoc
455 3682 580 3770 scripsit
612 3683 784 3771 cogitauit,
816 3708 857 3750 ex
884 3707 979 3750 uersu
1008 3682 1167 3767 secundo,
1199 3683 1232 3749 in
1255 3705 1321 3772 quo

272 3794 326 3864 ‘ds
355 3799 471 3864 misero
501 3809 533 3865 et
561 3800 686 3888 perdito
715 3823 773 3866 suo
795 3797 914 3867 amore'
934 3802 1090 3889 loquitur,
1123 3811 1156 3867 et
1181 3823 1202 3865 e
1227 3811 1322 3866 sexto

278 3917 356 3983 lano
379 3915 560 4003 (Lesbiam)
583 3924 667 3986 ceute
688 3941 736 3986 me
755 3943 886 4010 moyseus
906 3921 1044 3986 edebat
1064 3941 1162 3998 amor,
1184 3915 1324 3987 dilucide
