2920 4492
424 355 447 408 V
481 355 530 408 Du
548 353 727 410 nucumve
745 353 896 406 curvum
1151 357 1183 406 tt

133 545 245 590 secum
265 523 301 590 in
315 522 457 610 gratiam
480 521 638 605 rediisset,
670 522 816 590 Vulcano
837 517 1037 588 ‘electissima
1057 521 1185 609 pessimi

132 649 252 728 poetae
272 633 404 727 scripta'
425 661 461 704 se
481 649 632 706 notarem
655 659 735 723 esse,
757 639 960 704 manifestum
976 649 1024 704 est
1038 636 1183 706 Clodiam

132 756 253 824 litteris
283 777 417 844 operam
447 754 573 822 dedisse
595 757 649 840 (cl.
671 756 849 822 Teuffelius
871 756 891 822 l.
913 779 941 822 c.
966 778 998 843 p.
1020 755 1068 840 7).
1110 757 1185 843 quid

134 875 225 963 qnod
259 873 375 942 Cicero
406 893 466 959 pro
497 871 585 938 Cael.
606 872 646 938 tt
657 873 708 949 ,64
729 882 842 960 postea
862 895 959 960 quam
979 871 1146 938 mendacia
1166 897 1186 937 a

135 989 255 1060 clodis
275 992 309 1056 in
324 990 512 1058 criminibus
528 989 630 1056 Caelii
653 989 871 1077 conponendis
885 989 1053 1057 commissa
1068 989 1185 1056 diserte

133 1107 331 1196 explicanit,
362 1109 411 1174 ita
439 1128 579 1195 pergens
609 1109 690 1172 aetat
718 1108 792 1172 dccc
810 1119 869 1172 teta
888 1107 1013 1194 fabella
1032 1113 1139 1174 adera
1159 1121 1187 1172 ct
1232 1101 1235 1106 ’

129 1229 343 1312 percharum
368 1224 553 1311 sedulium
575 1227 713 1311 poetriae
733 1249 824 1313 quam
849 1239 894 1290 eat
914 1227 981 1292 stiae
1001 1238 1184 1314 crqamcrrto,

131 1365 231 1430 qnam
252 1344 364 1408 satam
385 1343 522 1408 moenie
543 1347 652 1406 ascitum
672 1354 775 1428 potest,
802 1343 887 1408 haud
913 1341 979 1408 scio
995 1365 1036 1408 en
1052 1342 1185 1410 Clodiae

131 1459 244 1526 studia
263 1460 444 1526 litterarum
466 1469 578 1524 tecte
601 1459 784 1546 significare
797 1459 942 1524 uoluerit
984 1460 1124 1548 denique
1145 1483 1185 1526 ne

133 1577 217 1666 quid
240 1576 434 1657 omittamus,
456 1576 560 1642 locum
576 1574 701 1644 Sidonii
715 1577 914 1664 Apollinaris
936 1577 1063 1643 adferre
1084 1579 1183 1659 lubet,

132 1715 202 1782 quo
224 1717 291 1760 una
321 1717 394 1760 cum
419 1691 549 1760 Catullo
570 1715 684 1760 uersus
704 1693 866 1781 pepigisse
887 1695 1006 1762 Lesbia
1028 1706 1185 1778 namatus,

133 1813 177 1878 cf.
201 1812 295 1900 epist.
312 1833 331 1878 ιι
355 1812 395 1877 10
415 1833 446 1898 p.
460 1811 524 1877 900
538 1809 635 1878 Sirm.
657 1824 734 1876 certe
753 1814 785 1876 εἰ
793 1823 917 1898 practer
937 1837 999 1877 retr
1021 1816 1185 1879 oratorsbm

133 1912 331 1994 medem
344 1927 537 2012 fenisamm
554 1929 704 2014 poeticum
725 1931 876 2015 bipertitam
898 1942 926 1994 et
945 1931 1010 1994 ora‘s
1030 1934 1072 1994 tei
1083 1933 1185 1996 lainam

130 2045 347 2133 frequentium
366 2045 536 2110 sardeorum
567 2045 681 2109 cotibus
702 2045 864 2129 erpola‘tem
884 2049 1026 2132 quereris
1047 2047 1185 2128 obtundi,

132 2163 334 2230 renueras
361 2165 444 2248 qaod
469 2185 559 2246 caepe
584 2183 704 2227 aarum
732 2161 873 2228 (loriano
895 2185 965 2228 cam
986 2187 1040 2230 auc
1060 2163 1184 2230 Nasone

133 2281 307 2366 conploret,
337 2279 450 2343 Lesbio
477 2303 547 2344 cam
581 2280 699 2344 &atto
730 2279 901 2346 Caesenatia
929 2303 999 2345 cam
1022 2281 1184 2348 Gaetulico

135 2401 329 2486 Arqeataru'e
353 2419 424 2462 cram
438 2395 566 2461 Liscum
583 2395 715 2480 Oyatbdr
731 2421 799 2460 cren
816 2395 979 2483 Propertio
1000 2397 1095 2466 Delt'c
1116 2423 1185 2464 cum

141 2515 271 2582 tutta
312 2535 430 2579 nomen
452 2513 553 2601 igitur
572 2513 711 2579 Lesbiae
737 2536 808 2578 cum
831 2515 1013 2580 nominibus
1035 2515 1080 2581 eis
1101 2518 1184 2583 bene

134 2630 309 2720 conparari
341 2641 463 2720 potest,
496 2653 580 2720 quae
600 2630 651 2697 alii
673 2641 787 2718 poetae
810 2631 1032 2698 Romanorum
1053 2633 1121 2699 siue
1143 2633 1183 2698 ed

133 2759 308 2839 poetarum
322 2759 476 2837 petrones
491 2747 618 2816 diuinos
634 2748 703 2816 siue
718 2749 759 2816 ad
774 2750 916 2836 poetriae
931 2748 1073 2837 insignes
1088 2751 1184 2839 respi-

133 2869 260 2934 cientes
275 2867 391 2956 puellis
407 2867 483 2945 suis,
506 2889 590 2955 quac
604 2887 677 2931 cum
692 2865 790 2932 musis
805 2867 1032 2933 commercium
1054 2867 1184 2956 aliquod

133 2983 313 3067 baberent,
346 2983 456 3051 indere
477 2985 659 3050 uoluerunt.
702 2985 743 3050 de
772 3005 835 3072 quo
865 3006 956 3050 more
977 2993 1051 3072 post
1073 2984 1184 3051 Palda-

134 3123 228 3168 mum
249 3101 296 3190 (p.
319 3101 375 3185 53)
398 3101 480 3168 Otto
502 3101 640 3170 Jahnius
670 3100 704 3166 in
733 3111 880 3167 actorum
907 3101 1073 3169 societatis
1103 3101 1186 3168 litte·

136 3239 249 3285 rarum
270 3214 481 3284 Saxonicaer
504 3217 568 3284 420
595 3217 783 3304 disputarit.
826 3217 920 3284 sicuti
948 3219 1049 3306 igitur
1080 3219 1185 3285 Varro

136 3335 297 3402 Atacinus
318 3333 436 3402 Gallus
456 3333 604 3400 Tibullus
626 3331 815 3422 Propertius
839 3358 880 3402 ex
901 3337 1059 3424 Apollinis
1084 3359 1185 3403 musa·

136 3473 208 3518 rum
243 3451 402 3540 praesidis
434 3451 681 3538 cognominibus
713 3452 811 3518 uariis
843 3453 973 3520 uomina
1009 3453 1185 3541 puellarum

134 3591 265 3636 suarum
285 3566 472 3636 Leucadiae
486 3565 658 3654 Lycoridis
669 3568 784 3634 Deliae
799 3567 960 3656 Cynthiae
975 3571 1185 3655 deflexerunt,

134 3687 183 3754 uel
205 3685 294 3778 quod
317 3685 425 3772 magis
446 3684 543 3752 etiam
571 3707 644 3754 cum
667 3687 798 3754 inuento
821 3687 1004 3756 Catulliana
1025 3691 1185 3776 congruit,

130 3806 213 3876 sicut
241 3804 387 3874 Ouidius
420 3825 442 3868 a
476 3804 603 3890 poetria
638 3803 832 3891 Tanagraea
867 3828 985 3872 nomen
1020 3817 1186 3872 mutuatus
