2970 4484
317 253 368 315 rar·
514 261 592 312 uun
626 261 673 314 uu
691 259 852 314 caussae
868 261 914 314 au
932 259 1160 314 csmsutsrus

312 427 507 512 adloquitur,
529 428 589 493 etsi
612 428 747 494 alterum
768 450 811 492 ns
831 426 932 494 uerbo
954 425 1085 514 quidem
1099 437 1196 494 antea
1209 427 1361 517 designa·

311 546 368 612 uit.
406 553 604 634 quapropter
627 544 719 610 facile
733 544 894 631 intellegis
910 543 1045 612 uoculae
1065 557 1186 612 uastae
1207 546 1240 612 in
1262 569 1361 613 versu

311 664 406 730 tertio
428 664 551 730 decimo
574 662 678 728 inesse
700 662 862 750 propriam
879 660 1146 748 significationem
1166 685 1272 750 noque
1286 686 1360 730 eam

311 781 375 847 uim
405 783 444 848 de
477 803 542 870 qua
570 803 667 868 supra
694 802 725 866 p.
752 781 810 846 155
839 801 944 867 pauca
972 777 1207 848 adnotabamus
1237 781 1361 848 habere
1458 879 1459 884 γ

311 919 416 987 posse.
463 899 514 964 bis
546 898 643 964 rebus
676 897 823 962 omnibus
855 896 1000 984 cogimur
1033 907 1070 963 ut
1104 909 1137 965 et
1166 898 1359 986 Pompeium

311 1017 444 1104 perinde
465 1026 563 1104 atque
584 1013 756 1082 Caesarem
783 1014 816 1080 in
844 1013 1004 1101 prioribus
1031 1015 1093 1080 ism
1115 1015 1267 1081 carminis
1288 1037 1360 1082 aer-

311 1133 398 1199 sibus
434 1156 454 1197 a
487 1130 616 1200 Catullo
650 1133 851 1198 nominatum
886 1155 957 1198 esse
993 1141 1171 1198 statuamus
1206 1141 1239 1198 ot
1274 1132 1359 1198 banc

311 1249 446 1338 Pompei
462 1250 656 1314 mentionem
674 1258 750 1314 ante
768 1271 897 1314 uersum
912 1249 1043 1314 tertium
1059 1248 1219 1314 decimum
1236 1249 1358 1316 factam

311 1389 397 1449 esse,
426 1376 463 1432 ut
488 1375 564 1454 pote
594 1367 627 1431 in
657 1388 721 1454 quo
742 1365 782 1432 ad
802 1365 891 1432 illam
913 1374 1010 1454 poeta
1029 1375 1144 1454 aperte
1165 1369 1357 1454 respexerit

309 1483 373 1548 iam
405 1485 432 1547 si
469 1483 669 1570 reputaueris
702 1505 817 1549 uersus
851 1483 1057 1550 undecimum
1094 1494 1127 1548 et
1164 1482 1358 1568 trigesimum

310 1599 440 1666 tertium
461 1601 502 1667 ab
524 1601 645 1666 eisdem
668 1601 834 1666 uocabulis
855 1623 928 1666 eoos
948 1603 1073 1668 nemius
1093 1599 1249 1689 incipere,
1279 1624 1359 1668 num

310 1717 457 1785 dubitare
476 1718 596 1804 poteris
611 1741 742 1785 censere
764 1717 842 1784 illud
865 1717 969 1806 ipsum
989 1740 1142 1784 uersuum
1162 1718 1278 1784 horum
1301 1719 1359 1784 ini·

310 1836 390 1902 tium
413 1857 473 1922 par
493 1856 633 1900 errorem
656 1836 781 1902 scribae
803 1836 973 1924 archetypi
994 1834 1182 1902 cresuisse‘l
1205 1835 1261 1925 qui
1283 1857 1357 1902 cum

311 1971 438 2018 uersum
466 1952 624 2019 decimum
659 1964 870 2030 excreuerat,
905 1951 1014 2019 oeulos
1042 1975 1061 2018 a
1089 1973 1185 2018 uersu
1217 1952 1358 2040 exempli

310 2068 359 2134 sui
387 2069 552 2156 sequenti,
585 2070 640 2158 qui
661 2070 761 2156 uulgo
784 2069 958 2156 uigesimus
979 2067 1093 2137 tertius
1115 2079 1182 2152 est,
1214 2069 1255 2134 ad
1283 2091 1357 2136 eum

310 2187 366 2274 qui
387 2186 429 2252 ab
450 2186 511 2251 hoc
532 2188 646 2254 tertius
668 2197 737 2254 erat
759 2188 908 2254 aberrare
933 2186 1017 2254 siuit
1060 2209 1125 2276 qno
1147 2208 1257 2252 errore
1279 2208 1358 2274 cog·
1455 2261 1458 2278 Ι

311 2303 379 2370 nito
402 2303 506 2370 scriba
528 2325 641 2370 uersus
667 2305 760 2372 binos
787 2305 859 2372 illos
882 2306 972 2393 prius
993 2306 1128 2370 omissos
1149 2305 1182 2370 in
1204 2303 1269 2370 fine
1290 2326 1359 2370 car-
1457 2297 1458 2302 ’

311 2420 403 2487 minis
418 2421 541 2488 addidit
555 2423 647 2509 signo
661 2423 804 2509 quodam
822 2445 936 2489 uerum
955 2445 1067 2488 eorum
1082 2425 1187 2489 locum
1202 2422 1358 2488 indicans

311 2537 362 2604 cui
384 2539 619 2606 ratiocinationi
642 2538 816 2606 oboediens
836 2541 865 2606 si
886 2562 999 2605 uersus
1023 2537 1227 2628 disposuisti,
1253 2540 1358 2606 oratio

312 2656 462 2722 carminis
490 2666 577 2721 reete
605 2656 758 2742 procedit
801 2657 864 2722 iam
886 2656 1022 2744 Pompei
1042 2655 1159 2723 indicia
1186 2666 1224 2723 nt
1248 2656 1293 2722 ita
1314 2655 1360 2722 di·

312 2795 382 2839 cam
408 2773 463 2838 illa
490 2773 612 2840 habent
640 2797 705 2863 quo
733 2775 928 2856 referantur,
957 2775 1020 2840 ism
1043 2772 1192 2861 repetitio
1215 2773 1361 2861 egregia,

311 2912 394 2978 quae
416 2891 641 2976 gradationem
662 2913 792 2980 quoque
814 2891 1013 2980 aptissimam
1035 2891 1196 2972 continet,
1224 2891 1359 2956 carmini

311 3007 499 3090 restituitur,
521 3008 586 3074 iam
607 3007 746 3097 denique
767 3031 896 3076 carmen
918 3019 1097 3076 extremum
1119 3008 1161 3076 ab
1181 3007 1360 3095 adpendice

311 3125 421 3212 inepta
451 3123 615 3191 liberatur.
659 3126 741 3192 illius
772 3147 847 3193 aero
880 3127 1156 3194 transmutationis
1186 3124 1360 3215 probabili·

311 3253 360 3308 tas
391 3263 429 3306 eo
462 3264 559 3329 quam
589 3244 727 3309 maxime
760 3253 899 3330 augetur
931 3243 1017 3332 quod
1051 3243 1173 3310 scribae
1203 3243 1358 3310 librorum
1456 3227 1457 3312 l

311 3357 568 3426 Catullianorum
596 3360 630 3425 in
663 3361 809 3428 uersibus
821 3411 830 3443 ,
861 3382 997 3448 quorum
1031 3384 1103 3426 eum
1135 3361 1292 3448 proximis
1323 3363 1357 3426 in

311 3473 423 3562 primis
457 3475 491 3540 in
525 3474 618 3542 initio
653 3486 710 3542 sut
744 3477 778 3544 in
817 3475 881 3542 fine
916 3477 1090 3544 similitudo
1127 3477 1235 3566 aliqua
1278 3487 1357 3560 erat,

311 3591 515 3658 conlocandis
537 3603 570 3658 et
590 3593 768 3660 scribendis
788 3615 886 3683 saepe
899 3605 1126 3682 peccauerunt.
1169 3617 1267 3682 quam
1288 3617 1357 3660 rem

310 3709 468 3796 exemplis
489 3731 553 3776 non
576 3710 672 3776 nullis
692 3711 906 3776 inlustramus.
947 3712 1085 3800 primum
1115 3711 1215 3798 igitur
1243 3734 1356 3778 uersus

311 3835 442 3914 propter
463 3825 700 3894 similitudinem
717 3827 786 3894 siue
800 3827 1060 3916 praecedentium
1077 3829 1146 3896 siue
1160 3831 1355 3920 subsequen·
