2970 4484
388 349 414 400 X
447 349 495 401 Du
513 348 692 404 resumo
710 347 757 400 ΕΤ
774 349 940 404 naevum
1141 356 1190 406 att

141 515 288 582 notitiam
304 513 422 582 nullam
442 514 563 596 habuit,
585 513 753 582 intellexit.
796 515 876 584 haec
894 518 1063 602 sententie,
1085 517 1112 584 si
1125 543 1192 586 car

139 655 214 698 meu
234 655 334 698 xxvur
349 633 535 698 adcuratius
551 632 762 716 examinatur,
783 633 1020 722 speciosissime
1041 644 1074 701 et
1094 635 1190 704 ualde

140 749 319 838 probabilis
345 748 475 816 uidetur
500 769 581 814 esse.
628 771 701 814 nam
730 771 953 839 quaecumque
981 751 1128 820 Catullus
1155 752 1188 818 iu

140 867 259 932 Pisone
286 867 465 952 uituperat,
505 865 538 932 in
569 864 751 933 Caesonino
779 866 851 950 illo,
882 868 937 955 qui
965 867 1188 936 Macedoniam

140 982 339 1072 prouinciam
362 983 455 1048 annis
476 982 592 1060 cetlot
615 992 648 1048 et
668 982 784 1066 698l56
805 1005 863 1071 pro
888 985 1019 1050 consulo
1041 984 1189 1070 obtinuit,

141 1099 268 1167 abunde
297 1109 330 1166 et
359 1098 492 1166 adfatim
515 1100 608 1188 quasi
631 1108 788 1188 prostent.
832 1102 963 1189 quossi
986 1101 1059 1189 quis
1081 1100 1190 1188 singil-

137 1216 227 1284 latim
245 1238 439 1304 cognoscere
450 1216 537 1300 uelit‚
557 1214 724 1284 Ciceronis
739 1216 900 1283 orationes
914 1227 989 1305 post
1000 1218 1140 1286 reditum
1152 1218 1187 1285 in

138 1343 253 1400 senatu
270 1345 303 1400 et
317 1333 358 1400 ds
371 1333 545 1422 prouinciis
566 1335 787 1401 consularibus
809 1342 842 1400 et
861 1333 894 1400 in
908 1334 1061 1402 Pisonem
1082 1335 1187 1424 ipsum

137 1450 264 1517 habitas
279 1451 375 1538 legat
411 1461 447 1516 ut
461 1473 564 1538 pauca
584 1451 775 1535 adieramus,
791 1450 886 1539 primi
902 1473 1013 1518 uersus
1037 1452 1187 1518 carminis

137 1566 399 1654 duodetrigesimi
417 1590 489 1633 oum
505 1566 555 1633 hia
571 1565 736 1635 Ciceronis
753 1567 785 1634 in
802 1567 953 1634 Pisonem
969 1568 1007 1632 lt
1022 1569 1066 1636 40
1079 1568 1186 1634 uerbis

137 1683 635 1774 mireconapirautqut‘dtnndsm
646 1696 713 1750 srot
721 1696 825 1750 actum
837 1690 1187 1771 cotysatrsmintuopro-

136 1803 242 1867 canoto
261 1803 299 1867 do
319 1823 378 1888 quo
392 1800 675 1887 adamannum
692 1800 891 1884 praelatione
904 1803 1006 1888 αἱηυα
1020 1801 1116 1868 scribi
1128 1801 1186 1868 aba

136 1921 362 2004 conportent?
384 1918 505 1982 mentm
528 1916 763 1982 Marum?
783 1965 792 1982 .
814 1965 823 1981 .
844 1941 884 1982 nn
907 1919 1060 1984 sociorum
1083 1917 1185 2004 dt'rsp

136 2040 201 2100 no?
220 2080 253 2101 ..
276 2057 320 2098 on
341 2035 488 2098 caucium
507 2035 609 2099 nocui
626 2035 767 2100 moruus
786 2031 873 2117 forro
892 2033 1187 2124 famose-ipen

137 2151 340 2237 pantaleonis?
365 2149 419 2234 (cf.
449 2149 489 2214 de
518 2149 691 2238 prouinciis
717 2150 938 2216 consularibus
958 2152 980 2216 3
1000 2151 1047 2235 ὃ).
1094 2171 1185 2239 prae·

4 2311 11 2340 t
134 2279 225 2334 terea
247 2291 322 2334 cum
340 2267 486 2334 uersibus
500 2268 546 2332 eis
559 2267 592 2333 in
608 2266 884 2356 quibusCatullus
901 2289 937 2333 se
952 2267 1123 2356 prouidere
1140 2266 1187 2334 ait

134 2384 256 2452 amicos
281 2383 315 2451 in
343 2383 509 2473 prouincia
537 2384 616 2450 nihil
643 2383 799 2473 pecuniae
828 2383 888 2452 sibi
918 2405 1112 2472 conparasse
1141 2385 1184 2452 ob

133 2502 263 2570 Pisonis
284 2501 452 2568 enuntiem
474 2513 507 2568 et
527 2501 713 2589 perfidiam,
740 2511 869 2590 practer
891 2501 955 2568 alia
975 2501 1009 2568 in
1029 2501 1183 2568 Pisonem

132 2619 176 2686 35
196 2619 238 2686 86
259 2629 292 2685 et
307 2641 391 2706 quae
405 2628 557 2686 secuntur
571 2617 709 2685 conferri
723 2628 858 2706 possunt
874 2641 881 2684 :
897 2606 1013 2686 deinde
1027 2641 1098 2685 cum
1114 2641 1183 2685 uer·

132 2737 183 2803 bis
204 2737 266 2802 illis
290 2737 415 2802 acerbis
434 2749 501 2822 pote
520 2736 630 2802 muto
650 2738 788 2814 amicos,
809 2757 948 2825 quorum
970 2759 1099 2802 sensum
1119 2734 1184 2803 iam

133 2875 233 2942 supra
247 2876 279 2941 p.
297 2853 357 2920 170
378 2852 623 2940 explicuerimus,
645 2851 788 2918 ciusdem
810 2851 977 2920 Ciceronis
997 2853 1029 2920 iu
1044 2853 1183 2921 eundem

132 2969 284 3036 Pisonem
307 2971 324 3034 1
349 2971 366 3034 1
389 2969 553 3056 obrepsisti
576 2973 619 3036 od
649 2971 775 3037 honoror
803 2993 905 3036 errore
923 2971 1081 3038 homoinem
1101 2995 1182 3038 com·

131 3087 325 3153 mendcts'one
348 3085 547 3171 fitanosorum
574 3088 749 3176 compsinum
761 3135 770 3172 ‚
802 3109 930 3176 quorum
962 3089 1064 3154 mmsis
1088 3088 1183 3154 totas

132 3203 213 3270 must
234 3217 357 3290 praeter
373 3206 499 3270 colorem
521 3253 528 3269 .
551 3252 559 3270 .
582 3253 590 3270 .
612 3229 684 3270 nom
705 3219 737 3270 tu
759 3227 829 3272 oum
848 3216 993 3292 quaestor
1012 3227 1043 3270 or
1063 3203 1184 3290 fuctus,

132 3322 224 3388 mom
255 3325 310 3409 qui
337 3333 366 3388 ts
394 3344 557 3408 eampum
591 3321 756 3406 uiderant,
788 3333 886 3388 torum
917 3324 1005 3390 illum
1039 3323 1181 3389 Murem

132 3439 289 3504 noms'ns'
310 3437 504 3504 mandabunt
527 3453 587 3504 tao.
630 3438 749 3506 aedilis
770 3463 803 3506 os
824 3439 936 3519 focan.
980 3439 1078 3505 Ps'oo
1098 3452 1182 3506 asto

130 3557 242 3642 popolo
274 3555 412 3622 Romano
442 3556 549 3640 factes
561 3603 570 3634 ,
605 3579 665 3622 nors
699 3562 755 3622 asts
785 3557 873 3622 Pt'so.
935 3567 1085 3642 praetura
1115 3561 1182 3622 item

130 3671 355 3738 maioribus
383 3675 483 3738 dolato
504 3685 549 3738 eat
565 3677 630 3738 tas'a
674 3673 819 3760 iusuper,
850 3683 886 3739 ut
906 3672 1183 3761 Iungclausaenus

129 3793 214 3856 bene
237 3788 390 3877 dispexit,
418 3789 507 3856 aliud
535 3790 633 3858 etiam
662 3813 798 3857 acumen
825 3789 859 3856 in
885 3791 936 3856 his
965 3790 1073 3859 uerbis
1093 3790 1180 3858 letet.

125 3907 168 3975 L.
190 3905 277 3974 euim
297 3906 352 3974 ille
372 3905 451 3972 Piso
474 3905 673 3975 Caesoninus
694 3905 768 3974 inde
790 3907 831 3974 ab
853 3929 938 3975 anno
952 3907 1071 3986 695l59
1085 3927 1178 3974 socer
