2920 4492
384 287 425 342 m
459 289 509 342 DE
525 287 773 344 uersurum
789 287 943 344 corvom
1150 291 1182 342 51

142 453 202 518 suis
233 454 334 540 ipsius
363 454 478 541 opibus
509 465 576 522 tam
602 457 737 524 honeste
759 477 793 522 se
823 454 1027 522 sustentabat
1054 463 1091 522 ut
1110 477 1184 522 oum

142 569 244 638 multis
257 569 444 639 bominibus
464 571 670 638 nobilissimis
686 581 719 638 ot
732 571 931 638 diuitissimis
954 571 1184 638 consuetudine

142 685 191 752 nsl
216 685 359 754 srnioitis
397 689 588 754 coniunctus
620 687 736 754 esset?
786 710 882 776 porro
920 687 1066 754 Catullus
1105 689 1185 756 duas

141 802 228 870 usslss
249 803 395 892 possedit
401 852 412 888 ,
445 826 580 892 quarum
602 805 738 871 alteram
759 805 791 870 in
815 802 974 870 Sirmioue
995 803 1185 892 pseninsnls

140 919 229 985 sitsm
242 943 260 986 e
272 920 432 1008 Bithynia
442 942 594 986 reuersus
605 921 747 988 carmine
757 944 836 988 xxxi
853 921 971 988 salutat
984 922 1040 1006 (ol.
1054 943 1184 988 uersum

142 1035 178 1100 12
190 1040 282 1113 sobre,
303 1061 323 1102 o
336 1049 468 1104 uenusto
480 1037 604 1122 Sinnio,
626 1050 717 1126 atque
738 1061 788 1104 ero
809 1038 934 1123 potede),
958 1039 1092 1104 alteram
1114 1039 1186 1104 sub·

138 1153 291 1220 urbanam
322 1175 427 1242 prope
451 1153 556 1220 Tibur
583 1157 617 1220 in
642 1152 730 1220 Latii
759 1163 792 1220 et
820 1152 1017 1221 Sabinorum
1046 1155 1186 1222 confinio

137 1269 269 1356 positam
305 1272 341 1336 in
376 1273 520 1338 carmine
553 1293 689 1338 xxxxnu
724 1281 961 1338 commemoret.
1008 1271 1117 1337 uillam
1151 1271 1185 1338 in

137 1385 295 1454 Sirmiono
318 1387 417 1454 sitam
444 1389 553 1454 neseio
581 1411 622 1454 an
644 1387 823 1454 hereditate
843 1389 1005 1475 occeperit
1027 1385 1184 1471 Catullus,

136 1503 302 1570 'libertem
336 1514 452 1570 eontra
477 1514 591 1593 postea
618 1525 717 1594 quom
749 1505 875 1572 Romae
900 1505 1047 1570 babitare
1078 1505 1185 1594 eoepit

135 1621 201 1707 ipse
220 1621 283 1688 sibi
305 1622 535 1708 oonpsrsuisse
562 1620 700 1688 uidetur.
743 1621 842 1688 uerbo
871 1622 1026 1688 adnome
1055 1622 1185 1706 sufficit,

136 1759 205 1803 oum
225 1739 260 1804 in
282 1737 457 1806 Sirmionis
477 1737 686 1825 paeninsulae
707 1748 800 1826 parte
823 1749 969 1806 extrema
989 1739 1074 1804 intes·
1095 1761 1184 1806 ooos-

135 1876 201 1920 snm
222 1855 302 1922 solis
325 1865 359 1924 et
380 1854 615 1942 septentriones
636 1855 697 1920 sits
717 1854 894 1943 parietinae
918 1854 1044 1921 aedium
1066 1855 1185 1944 amplo·

135 1993 202 2036 rum
224 1967 379 2044 uetn‘stae
397 1971 493 2038 bodie
515 1971 592 2040 dum
615 1981 746 2054 extent,
768 1971 823 2037 illa
842 1971 977 2060 regione
1000 1973 1184 2059 opinionem

134 2088 166 2152 in
186 2089 289 2176 uulgo
312 2088 428 2174 uigere
449 2110 505 2156 eas
520 2087 642 2156 Catulli
663 2087 760 2163 uillae
780 2085 1008 2154 Sirmionensis
1029 2090 1183 2178 reliquias

134 2225 211 2270 esse.
254 2205 342 2276 bane
370 2215 479 2274 antem
509 2203 700 2270 sententiam
721 2203 785 2270 iam
807 2202 927 2270 dudum
949 2205 1182 2289 addubitatum,

135 2343 214 2409 quas
239 2344 300 2410 per
329 2343 367 2388 se
391 2331 535 2409 spectato
565 2321 706 2388 maxime
736 2321 946 2408 inprobabilis
977 2332 1043 2405 est,
1078 2343 1182 2410 nuper

134 2437 269 2506 Ioannes
283 2437 510 2524 Hieronymus
532 2435 656 2519 Ortins,
678 2437 734 2526 qni
756 2436 797 2502 de
813 2435 973 2504 Sirmione
993 2437 1182 2527 paeninsula

132 2552 246 2622 librum
262 2555 418 2624 Veronae
432 2577 461 2620 a.
475 2553 555 2620 1856
570 2553 677 2636 edidit,
691 2552 871 2640 redarguit,
887 2555 941 2642 qui
957 2564 1070 2642 postes
1085 2577 1182 2644 quom

131 2669 254 2738 aedium
267 2670 399 2738 illarum
414 2668 624 2742 ffipdamenta
639 2667 820 2738 effodienda
835 2672 970 2752 curauit,
983 2671 1181 2738 thermarum

132 2784 339 2857 &nannoni
369 2785 563 2874 inperatoris
591 2786 662 2852 sere
689 2796 833 2874 tempore
861 2797 1081 2854 extructurum
1109 2788 1181 2854 illss

131 2925 197 2974 esse
226 2907 343 2974 ruinas
375 2902 527 2992 cognouit
555 2927 563 2967 ε
590 2903 630 2968 oi.
658 2903 699 2970 A.
730 2903 771 2970 G.
801 2903 968 2992 Zumptius
1005 2904 1039 2969 in
1069 2905 1180 2993 philol.

130 3021 296 3092 Leuuobii
318 3043 362 3086 xo
382 3019 452 3086 754.
496 3029 640 3086 ceterum
662 3019 793 3086 nomino
814 3029 847 3086 et
867 3019 967 3086 libros
990 3041 1100 3086 eorum
1122 3021 1179 3110 qui

131 3149 224 3207 autea
243 3139 309 3209 bao
333 3137 374 3206 do
402 3159 438 3203 re
469 3137 667 3226 seripserunt
689 3135 846 3203 Baebrius
868 3137 978 3204 histor.
999 3137 1061 3202 litt.
1084 3137 1179 3204 Rom.

131 3255 219 3322 1403
240 3253 410 3322 indicauit

206 3373 262 3440 De
292 3371 364 3440 uita
396 3367 518 3436 Catulli
547 3369 618 3456 ipso
647 3370 745 3436 rebus
772 3369 958 3456 permultis,
989 3392 1070 3456 quas
1099 3371 1180 3438 seire

131 3499 240 3556 nostra
260 3487 395 3577 plurimi
416 3487 566 3568 interest,
598 3508 696 3576 aegre
716 3507 864 3553 caremus
886 3509 893 3550 :
915 3488 1074 3554 nescimus
1098 3511 1180 3578 quos

130 3607 304 3693 moffl'stm
331 3603 386 3670 ille
414 3603 583 3686 babuerit,
614 3627 678 3692 qus
706 3602 892 3670 rationein
920 3604 1035 3670 litteris
1062 3627 1097 3672 se
1125 3627 1180 3670 ex-

131 3724 273 3808 coluerit,
297 3721 389 3788 ouius
410 3719 601 3786 anctoritate
615 3719 746 3786 Verona
760 3720 873 3786 relicto
887 3720 1024 3788 Romam
1047 3721 1179 3788 uenerit
1223 3812 1234 3827 ἱ

131 3861 199 3906 uam
217 3839 388 3908 Catullum
400 3836 561 3915 sManlio,
577 3836 618 3902 sd
633 3859 729 3926 quem
745 3859 874 3903 osrmen
887 3857 985 3904 uxvur
1007 3837 1179 3924 scripserit,

931 3939 951 4001 4
962 3939 980 3978 s
