<?xml version="1.0" encoding="UTF-8"?>
<!DOCTYPE html PUBLIC "-//W3C//DTD XHTML 1.0 Transitional//EN"
    "http://www.w3.org/TR/xhtml1/DTD/xhtml1-transitional.dtd">
<html xmlns="http://www.w3.org/1999/xhtml" xml:lang="en" lang="en">
 <head>
  <title>
</title>
<meta http-equiv="Content-Type" content="text/html;charset=utf-8" />
  <meta name='ocr-system' content='tesseract 3.04.00' />
  <meta name='ocr-capabilities' content='ocr_page ocr_carea ocr_par ocr_line ocrx_word'/>
</head>
<body>
  <div class='ocr_page' id='page_1' title='image "./gvalericatvllil00schwgoog_0273.png"; bbox 0 0 2970 4484; ppageno 0'>
   <div class='ocr_carea' id='block_1_1' title="bbox 320 305 1070 361">
    <p class='ocr_par' dir='ltr' id='par_1_1' title="bbox 320 305 1070 361">
     <span class='ocr_line' id='line_1_1' title="bbox 320 305 1070 361; baseline 0 -3"><span class='ocrx_word' id='word_1_1' title='bbox 320 309 371 361; x_wconf 80' lang='grc'><strong>000</strong></span> <span class='ocrx_word' id='word_1_2' title='bbox 614 307 653 358; x_wconf 83' lang='lat' dir='ltr'><strong>x1</strong></span> <span class='ocrx_word' id='word_1_3' title='bbox 687 307 735 358; x_wconf 78' lang='lat' dir='ltr'><strong>DE</strong></span> <span class='ocrx_word' id='word_1_4' title='bbox 752 307 784 358; x_wconf 83' lang='lat' dir='ltr'><strong>G.</strong></span> <span class='ocrx_word' id='word_1_5' title='bbox 802 305 935 359; x_wconf 70' lang='lat' dir='ltr'><strong>mortuo</strong></span> <span class='ocrx_word' id='word_1_6' title='bbox 952 305 1070 358; x_wconf 70' lang='lat' dir='ltr'><strong>clavo</strong></span> 
     </span>
    </p>
   </div>
   <div class='ocr_carea' id='block_1_2' title="bbox 315 471 1374 2308">
    <p class='ocr_par' dir='ltr' id='par_1_2' title="bbox 315 471 1374 2308">
     <span class='ocr_line' id='line_1_2' title="bbox 319 471 1373 560; baseline -0.002 -22"><span class='ocrx_word' id='word_1_7' title='bbox 319 495 354 538; x_wconf 87' lang='lat' dir='ltr'><strong>rs</strong></span> <span class='ocrx_word' id='word_1_8' title='bbox 376 473 499 544; x_wconf 85' lang='lat' dir='ltr'><strong>certius¹</strong></span> <span class='ocrx_word' id='word_1_9' title='bbox 516 495 587 539; x_wconf 87' lang='lat' dir='ltr'><strong>esse</strong></span> <span class='ocrx_word' id='word_1_10' title='bbox 609 483 724 560; x_wconf 89' lang='lat' dir='ltr'><strong>potest.</strong></span> <span class='ocrx_word' id='word_1_11' title='bbox 767 474 855 538; x_wconf 90' lang='lat' dir='ltr'><strong>inter</strong></span> <span class='ocrx_word' id='word_1_12' title='bbox 882 493 994 537; x_wconf 91' lang='lat' dir='ltr'><strong>omnes</strong></span> <span class='ocrx_word' id='word_1_13' title='bbox 1021 471 1105 537; x_wconf 91' lang='lat' dir='ltr'><strong>enim</strong></span> <span class='ocrx_word' id='word_1_14' title='bbox 1134 480 1264 538; x_wconf 84' lang='lat' dir='ltr'><strong>constat</strong></span> <span class='ocrx_word' id='word_1_15' title='bbox 1285 493 1373 538; x_wconf 88' lang='lat' dir='ltr'><strong>anno</strong></span> 
     </span>
     <span class='ocr_line' id='line_1_3' title="bbox 320 587 1374 674; baseline 0 -20"><span class='ocrx_word' id='word_1_16' title='bbox 320 591 439 668; x_wconf 68' lang='lat' dir='ltr'><strong>aeolus</strong></span> <span class='ocrx_word' id='word_1_17' title='bbox 467 613 577 656; x_wconf 90' lang='lat' dir='ltr'><strong>mense</strong></span> <span class='ocrx_word' id='word_1_18' title='bbox 607 588 722 656; x_wconf 84' lang='lat' dir='ltr'><strong>Sextili</strong></span> <span class='ocrx_word' id='word_1_19' title='bbox 751 589 807 674; x_wconf 89' lang='lat' dir='ltr'><strong>(cf.</strong></span> <span class='ocrx_word' id='word_1_20' title='bbox 838 587 905 655; x_wconf 68' lang='lat' dir='ltr'><strong>Oia</strong></span> <span class='ocrx_word' id='word_1_21' title='bbox 934 589 975 652; x_wconf 92' lang='lat' dir='ltr'><strong>ad</strong></span> <span class='ocrx_word' id='word_1_22' title='bbox 996 587 1036 668; x_wconf 81' lang='lat' dir='ltr'><strong>Q.</strong></span> <span class='ocrx_word' id='word_1_23' title='bbox 1058 589 1098 653; x_wconf 84' lang='lat' dir='ltr'><strong>fr.</strong></span> <span class='ocrx_word' id='word_1_24' title='bbox 1121 613 1138 653; x_wconf 94' lang='grc' dir='ltr'><strong>ιι</strong></span> <span class='ocrx_word' id='word_1_25' title='bbox 1163 590 1202 652; x_wconf 80' lang='lat' dir='ltr'><strong>lb</strong></span> <span class='ocrx_word' id='word_1_26' title='bbox 1221 587 1258 672; x_wconf 85' lang='lat'><strong>3)</strong></span> <span class='ocrx_word' id='word_1_27' title='bbox 1282 589 1374 656; x_wconf 81' lang='lat' dir='ltr'><strong>Vati·</strong></span> 
     </span>
     <span class='ocr_line' id='line_1_4' title="bbox 320 705 1374 793; baseline -0.001 -22"><span class='ocrx_word' id='word_1_28' title='bbox 320 706 407 773; x_wconf 92' lang='lat' dir='ltr'><strong>nium</strong></span> <span class='ocrx_word' id='word_1_29' title='bbox 430 729 449 772; x_wconf 90' lang='lat' dir='ltr'><strong>a</strong></span> <span class='ocrx_word' id='word_1_30' title='bbox 472 705 573 774; x_wconf 79' lang='lat' dir='ltr'><strong>Caluo</strong></span> <span class='ocrx_word' id='word_1_31' title='bbox 597 719 785 772; x_wconf 87' lang='lat' dir='ltr'><strong>accusatum</strong></span> <span class='ocrx_word' id='word_1_32' title='bbox 808 718 840 773; x_wconf 91' lang='lat' dir='ltr'><strong>et</strong></span> <span class='ocrx_word' id='word_1_33' title='bbox 863 707 1015 770; x_wconf 86' lang='lat' dir='ltr'><strong>acerrima</strong></span> <span class='ocrx_word' id='word_1_34' title='bbox 1037 727 1234 793; x_wconf 88' lang='lat' dir='ltr'><strong>quamquam</strong></span> <span class='ocrx_word' id='word_1_35' title='bbox 1248 706 1374 772; x_wconf 80' lang='lat' dir='ltr'><strong>frustra</strong></span> 
     </span>
     <span class='ocr_line' id='line_1_5' title="bbox 320 820 1374 910; baseline -0.002 -22"><span class='ocrx_word' id='word_1_36' title='bbox 320 826 409 908; x_wconf 89' lang='lat' dir='ltr'><strong>(reus</strong></span> <span class='ocrx_word' id='word_1_37' title='bbox 439 825 523 890; x_wconf 92' lang='lat' dir='ltr'><strong>enim</strong></span> <span class='ocrx_word' id='word_1_38' title='bbox 548 822 688 890; x_wconf 76' lang='lat' dir='ltr'><strong>Caesare</strong></span> <span class='ocrx_word' id='word_1_39' title='bbox 717 834 849 891; x_wconf 88' lang='lat' dir='ltr'><strong>auctore</strong></span> <span class='ocrx_word' id='word_1_40' title='bbox 878 823 1043 889; x_wconf 89' lang='lat' dir='ltr'><strong>absolutus</strong></span> <span class='ocrx_word' id='word_1_41' title='bbox 1068 820 1132 906; x_wconf 87' lang='lat' dir='ltr'><strong>est)</strong></span> <span class='ocrx_word' id='word_1_42' title='bbox 1153 823 1374 910; x_wconf 86' lang='lat' dir='ltr'><strong>inpugnatum</strong></span> 
     </span>
     <span class='ocr_line' id='line_1_6' title="bbox 319 935 1373 1007; baseline -0.003 0"><span class='ocrx_word' id='word_1_43' title='bbox 319 963 400 1007; x_wconf 86' lang='lat' dir='ltr'><strong>osse.</strong></span> <span class='ocrx_word' id='word_1_44' title='bbox 452 940 542 1006; x_wconf 88' lang='lat' dir='ltr'><strong>euius</strong></span> <span class='ocrx_word' id='word_1_45' title='bbox 574 939 789 1007; x_wconf 75' lang='lat' dir='ltr'><strong>accusationis</strong></span> <span class='ocrx_word' id='word_1_46' title='bbox 821 961 936 1006; x_wconf 85' lang='lat' dir='ltr'><strong>caussa</strong></span> <span class='ocrx_word' id='word_1_47' title='bbox 968 938 1134 1005; x_wconf 84' lang='lat' dir='ltr'><strong>Vatinium</strong></span> <span class='ocrx_word' id='word_1_48' title='bbox 1168 937 1242 1003; x_wconf 91' lang='lat' dir='ltr'><strong>odio</strong></span> <span class='ocrx_word' id='word_1_49' title='bbox 1276 935 1373 1005; x_wconf 78' lang='lat' dir='ltr'><strong>Calui</strong></span> 
     </span>
     <span class='ocr_line' id='line_1_7' title="bbox 319 1053 1374 1146; baseline 0 -26"><span class='ocrx_word' id='word_1_50' title='bbox 319 1057 508 1146; x_wconf 72' lang='lat' dir='ltr'><strong>inexpiabili</strong></span> <span class='ocrx_word' id='word_1_51' title='bbox 530 1057 648 1123; x_wconf 77' lang='lat' dir='ltr'><strong>arsisse</strong></span> <span class='ocrx_word' id='word_1_52' title='bbox 669 1065 920 1123; x_wconf 89' lang='lat' dir='ltr'><strong>consentaneum</strong></span> <span class='ocrx_word' id='word_1_53' title='bbox 944 1063 1000 1120; x_wconf 90' lang='lat' dir='ltr'><strong>est</strong></span> <span class='ocrx_word' id='word_1_54' title='bbox 1044 1077 1156 1120; x_wconf 89' lang='lat' dir='ltr'><strong>uerum</strong></span> <span class='ocrx_word' id='word_1_55' title='bbox 1178 1065 1287 1120; x_wconf 61' lang='lat' dir='ltr'><strong>umen</strong></span> <span class='ocrx_word' id='word_1_56' title='bbox 1310 1053 1374 1122; x_wconf 75' lang='lat' dir='ltr'><strong>Ga</strong></span> 
     </span>
     <span class='ocr_line' id='line_1_8' title="bbox 318 1169 1374 1262; baseline -0.002 -22"><span class='ocrx_word' id='word_1_57' title='bbox 318 1175 416 1240; x_wconf 89' lang='lat' dir='ltr'><strong>tullus</strong></span> <span class='ocrx_word' id='word_1_58' title='bbox 443 1173 576 1262; x_wconf 84' lang='lat' dir='ltr'><strong>opinor,</strong></span> <span class='ocrx_word' id='word_1_59' title='bbox 613 1197 686 1240; x_wconf 89' lang='lat' dir='ltr'><strong>cum</strong></span> <span class='ocrx_word' id='word_1_60' title='bbox 716 1173 824 1240; x_wconf 90' lang='lat' dir='ltr'><strong>odium</strong></span> <span class='ocrx_word' id='word_1_61' title='bbox 851 1172 930 1238; x_wconf 87' lang='lat' dir='ltr'><strong>illud</strong></span> <span class='ocrx_word' id='word_1_62' title='bbox 952 1173 1159 1238; x_wconf 88' lang='lat' dir='ltr'><strong>Vatinianum</strong></span> <span class='ocrx_word' id='word_1_63' title='bbox 1182 1169 1374 1258; x_wconf 84' lang='lat' dir='ltr'><strong>adpellaret,</strong></span> 
     </span>
     <span class='ocr_line' id='line_1_9' title="bbox 317 1285 1372 1376; baseline 0 -22"><span class='ocrx_word' id='word_1_64' title='bbox 317 1312 382 1355; x_wconf 91' lang='lat' dir='ltr'><strong>non</strong></span> <span class='ocrx_word' id='word_1_65' title='bbox 411 1299 478 1354; x_wconf 88' lang='lat' dir='ltr'><strong>tam</strong></span> <span class='ocrx_word' id='word_1_66' title='bbox 506 1289 614 1356; x_wconf 90' lang='lat' dir='ltr'><strong>odium</strong></span> <span class='ocrx_word' id='word_1_67' title='bbox 640 1289 762 1355; x_wconf 89' lang='lat' dir='ltr'><strong>Vatinii</strong></span> <span class='ocrx_word' id='word_1_68' title='bbox 791 1301 865 1376; x_wconf 89' lang='lat' dir='ltr'><strong>post</strong></span> <span class='ocrx_word' id='word_1_69' title='bbox 892 1289 979 1354; x_wconf 90' lang='lat' dir='ltr'><strong>illam</strong></span> <span class='ocrx_word' id='word_1_70' title='bbox 1008 1285 1102 1355; x_wconf 80' lang='lat' dir='ltr'><strong>Calui</strong></span> <span class='ocrx_word' id='word_1_71' title='bbox 1129 1289 1372 1354; x_wconf 70' lang='lat' dir='ltr'><strong>accusationem</strong></span> 
     </span>
     <span class='ocr_line' id='line_1_10' title="bbox 318 1404 1371 1493; baseline -0.001 -21"><span class='ocrx_word' id='word_1_72' title='bbox 318 1419 501 1493; x_wconf 86' lang='lat' dir='ltr'><strong>susceptum</strong></span> <span class='ocrx_word' id='word_1_73' title='bbox 524 1429 620 1492; x_wconf 89' lang='lat' dir='ltr'><strong>quam</strong></span> <span class='ocrx_word' id='word_1_74' title='bbox 643 1406 753 1472; x_wconf 92' lang='lat' dir='ltr'><strong>odium</strong></span> <span class='ocrx_word' id='word_1_75' title='bbox 776 1406 820 1470; x_wconf 92' lang='lat' dir='ltr'><strong>illi</strong></span> <span class='ocrx_word' id='word_1_76' title='bbox 842 1427 975 1472; x_wconf 84' lang='lat' dir='ltr'><strong>caussae</strong></span> <span class='ocrx_word' id='word_1_77' title='bbox 995 1404 1191 1493; x_wconf 88' lang='lat' dir='ltr'><strong>praecedens</strong></span> <span class='ocrx_word' id='word_1_78' title='bbox 1212 1407 1245 1469; x_wconf 94' lang='lat' dir='ltr'><strong>in</strong></span> <span class='ocrx_word' id='word_1_79' title='bbox 1260 1408 1371 1472; x_wconf 90' lang='lat' dir='ltr'><strong>animo</strong></span> 
     </span>
     <span class='ocr_line' id='line_1_11' title="bbox 318 1521 1371 1611; baseline -0.001 -23"><span class='ocrx_word' id='word_1_80' title='bbox 318 1523 437 1590; x_wconf 91' lang='lat' dir='ltr'><strong>habere</strong></span> <span class='ocrx_word' id='word_1_81' title='bbox 463 1523 578 1611; x_wconf 92' lang='lat' dir='ltr'><strong>potuit.</strong></span> <span class='ocrx_word' id='word_1_82' title='bbox 630 1525 716 1611; x_wconf 90' lang='lat' dir='ltr'><strong>quod</strong></span> <span class='ocrx_word' id='word_1_83' title='bbox 749 1547 807 1588; x_wconf 88' lang='lat' dir='ltr'><strong>cur</strong></span> <span class='ocrx_word' id='word_1_84' title='bbox 835 1523 973 1588; x_wconf 89' lang='lat' dir='ltr'><strong>arbitrer</strong></span> <span class='ocrx_word' id='word_1_85' title='bbox 1000 1521 1108 1608; x_wconf 84' lang='lat' dir='ltr'><strong>paucis</strong></span> <span class='ocrx_word' id='word_1_86' title='bbox 1137 1521 1371 1609; x_wconf 88' lang='lat' dir='ltr'><strong>exponendum</strong></span> 
     </span>
     <span class='ocr_line' id='line_1_12' title="bbox 319 1638 1370 1728; baseline -0.001 -23"><span class='ocrx_word' id='word_1_87' title='bbox 319 1652 376 1707; x_wconf 86' lang='lat' dir='ltr'><strong>est.</strong></span> <span class='ocrx_word' id='word_1_88' title='bbox 419 1663 461 1707; x_wconf 90' lang='lat' dir='ltr'><strong>ex</strong></span> <span class='ocrx_word' id='word_1_89' title='bbox 490 1662 585 1706; x_wconf 88' lang='lat' dir='ltr'><strong>uersu</strong></span> <span class='ocrx_word' id='word_1_90' title='bbox 612 1641 724 1726; x_wconf 89' lang='lat' dir='ltr'><strong>quinto</strong></span> <span class='ocrx_word' id='word_1_91' title='bbox 753 1639 875 1705; x_wconf 90' lang='lat' dir='ltr'><strong>decimo</strong></span> <span class='ocrx_word' id='word_1_92' title='bbox 899 1639 1032 1728; x_wconf 88' lang='lat' dir='ltr'><strong>adparet</strong></span> <span class='ocrx_word' id='word_1_93' title='bbox 1054 1638 1217 1706; x_wconf 84' lang='lat' dir='ltr'><strong>Catullum</strong></span> <span class='ocrx_word' id='word_1_94' title='bbox 1237 1659 1370 1704; x_wconf 73' lang='lat' dir='ltr'><strong>amman</strong></span> 
     </span>
     <span class='ocr_line' id='line_1_13' title="bbox 317 1755 1371 1842; baseline -0.003 -19"><span class='ocrx_word' id='word_1_95' title='bbox 317 1779 383 1824; x_wconf 86' lang='lat' dir='ltr'><strong>xrrn</strong></span> <span class='ocrx_word' id='word_1_96' title='bbox 404 1781 514 1823; x_wconf 89' lang='lat' dir='ltr'><strong>manse</strong></span> <span class='ocrx_word' id='word_1_97' title='bbox 528 1758 702 1823; x_wconf 88' lang='lat' dir='ltr'><strong>Decembri</strong></span> <span class='ocrx_word' id='word_1_98' title='bbox 725 1781 753 1822; x_wconf 91' lang='lat' dir='ltr'><strong>a.</strong></span> <span class='ocrx_word' id='word_1_99' title='bbox 776 1757 806 1822; x_wconf 91' lang='lat' dir='ltr'><strong>d.</strong></span> <span class='ocrx_word' id='word_1_100' title='bbox 829 1778 895 1822; x_wconf 85' lang='lat' dir='ltr'><strong>xrru</strong></span> <span class='ocrx_word' id='word_1_101' title='bbox 916 1756 979 1822; x_wconf 87' lang='lat' dir='ltr'><strong>kal.</strong></span> <span class='ocrx_word' id='word_1_102' title='bbox 1001 1755 1071 1822; x_wconf 87' lang='lat' dir='ltr'><strong>Ian.</strong></span> <span class='ocrx_word' id='word_1_103' title='bbox 1095 1755 1270 1842; x_wconf 84' lang='lat' dir='ltr'><strong>scripsisse.</strong></span> <span class='ocrx_word' id='word_1_104' title='bbox 1302 1777 1371 1842; x_wconf 91' lang='lat' dir='ltr'><strong>qua</strong></span> 
     </span>
     <span class='ocr_line' id='line_1_14' title="bbox 317 1871 1371 1956; baseline -0.002 -18"><span class='ocrx_word' id='word_1_105' title='bbox 317 1897 358 1939; x_wconf 87' lang='lat' dir='ltr'><strong>ex</strong></span> <span class='ocrx_word' id='word_1_106' title='bbox 379 1897 424 1956; x_wconf 89' lang='lat' dir='ltr'><strong>re,</strong></span> <span class='ocrx_word' id='word_1_107' title='bbox 445 1875 471 1940; x_wconf 92' lang='lat' dir='ltr'><strong>si</strong></span> <span class='ocrx_word' id='word_1_108' title='bbox 493 1873 603 1939; x_wconf 92' lang='lat' dir='ltr'><strong>odium</strong></span> <span class='ocrx_word' id='word_1_109' title='bbox 625 1873 748 1940; x_wconf 77' lang='lat' dir='ltr'><strong>Vatinii</strong></span> <span class='ocrx_word' id='word_1_110' title='bbox 770 1871 892 1938; x_wconf 83' lang='lat' dir='ltr'><strong>Caluus</strong></span> <span class='ocrx_word' id='word_1_111' title='bbox 920 1894 956 1938; x_wconf 88' lang='lat' dir='ltr'><strong>re</strong></span> <span class='ocrx_word' id='word_1_112' title='bbox 977 1893 1055 1939; x_wconf 88' lang='lat' dir='ltr'><strong>uera</strong></span> <span class='ocrx_word' id='word_1_113' title='bbox 1073 1873 1141 1937; x_wconf 89' lang='lat' dir='ltr'><strong>eius</strong></span> <span class='ocrx_word' id='word_1_114' title='bbox 1162 1871 1371 1938; x_wconf 81' lang='lat' dir='ltr'><strong>accusatione</strong></span> 
     </span>
     <span class='ocr_line' id='line_1_15' title="bbox 317 1988 1371 2076; baseline -0.002 -20"><span class='ocrx_word' id='word_1_115' title='bbox 317 2012 401 2056; x_wconf 88' lang='lat' dir='ltr'><strong>anno</strong></span> <span class='ocrx_word' id='word_1_116' title='bbox 433 1991 550 2067; x_wconf 64' lang='lat'>700154</span> <span class='ocrx_word' id='word_1_117' title='bbox 581 1993 725 2076; x_wconf 85' lang='lat' dir='ltr'><strong>perfecta</strong></span> <span class='ocrx_word' id='word_1_118' title='bbox 759 1988 819 2055; x_wconf 86' lang='lat' dir='ltr'><strong>sibi</strong></span> <span class='ocrx_word' id='word_1_119' title='bbox 851 1989 1077 2071; x_wconf 89' lang='lat' dir='ltr'><strong>conflauisset,</strong></span> <span class='ocrx_word' id='word_1_120' title='bbox 1114 1988 1296 2054; x_wconf 84' lang='lat' dir='ltr'><strong>efficeretur</strong></span> <span class='ocrx_word' id='word_1_121' title='bbox 1332 2000 1371 2054; x_wconf 88' lang='lat' dir='ltr'><strong>ut</strong></span> 
     </span>
     <span class='ocr_line' id='line_1_16' title="bbox 316 2104 1369 2192; baseline -0.002 -20"><span class='ocrx_word' id='word_1_122' title='bbox 316 2128 445 2172; x_wconf 88' lang='lat' dir='ltr'><strong>carmen</strong></span> <span class='ocrx_word' id='word_1_123' title='bbox 462 2127 524 2170; x_wconf 81' lang='lat' dir='ltr'><strong>xrru</strong></span> <span class='ocrx_word' id='word_1_124' title='bbox 539 2106 681 2172; x_wconf 88' lang='lat' dir='ltr'><strong>eiusdem</strong></span> <span class='ocrx_word' id='word_1_125' title='bbox 699 2105 775 2171; x_wconf 89' lang='lat' dir='ltr'><strong>anni</strong></span> <span class='ocrx_word' id='word_1_126' title='bbox 793 2127 902 2170; x_wconf 87' lang='lat' dir='ltr'><strong>mense</strong></span> <span class='ocrx_word' id='word_1_127' title='bbox 912 2105 1084 2170; x_wconf 87' lang='lat' dir='ltr'><strong>Decembri</strong></span> <span class='ocrx_word' id='word_1_128' title='bbox 1097 2129 1116 2170; x_wconf 89' lang='lat' dir='ltr'><strong>a</strong></span> <span class='ocrx_word' id='word_1_129' title='bbox 1127 2104 1253 2170; x_wconf 84' lang='lat' dir='ltr'><strong>Catullo</strong></span> <span class='ocrx_word' id='word_1_130' title='bbox 1269 2105 1369 2192; x_wconf 84' lang='lat' dir='ltr'><strong>scrip</strong></span> 
     </span>
     <span class='ocr_line' id='line_1_17' title="bbox 315 2221 1369 2308; baseline 0 -20"><span class='ocrx_word' id='word_1_131' title='bbox 315 2232 386 2288; x_wconf 89' lang='lat' dir='ltr'><strong>tum</strong></span> <span class='ocrx_word' id='word_1_132' title='bbox 400 2244 469 2287; x_wconf 90' lang='lat' dir='ltr'><strong>esse</strong></span> <span class='ocrx_word' id='word_1_133' title='bbox 485 2221 658 2288; x_wconf 86' lang='lat' dir='ltr'><strong>uideretur.</strong></span> <span class='ocrx_word' id='word_1_134' title='bbox 697 2245 757 2286; x_wconf 93' lang='lat' dir='ltr'><strong>nec</strong></span> <span class='ocrx_word' id='word_1_135' title='bbox 772 2233 892 2304; x_wconf 87' lang='lat' dir='ltr'><strong>tamen,</strong></span> <span class='ocrx_word' id='word_1_136' title='bbox 915 2231 951 2286; x_wconf 91' lang='lat' dir='ltr'><strong>ut</strong></span> <span class='ocrx_word' id='word_1_137' title='bbox 965 2231 1093 2308; x_wconf 89' lang='lat' dir='ltr'><strong>tempus</strong></span> <span class='ocrx_word' id='word_1_138' title='bbox 1107 2221 1256 2287; x_wconf 88' lang='lat' dir='ltr'><strong>carminis</strong></span> <span class='ocrx_word' id='word_1_139' title='bbox 1271 2221 1369 2288; x_wconf 85' lang='lat' dir='ltr'><strong>huius</strong></span> 
     </span>
    </p>
   </div>
   <div class='ocr_carea' id='block_1_3' title="bbox 315 2335 1473 2426">
    <p class='ocr_par' dir='ltr' id='par_1_3' title="bbox 315 2335 1473 2426">
     <span class='ocr_line' id='line_1_18' title="bbox 315 2335 1473 2426; baseline 0.002 -24"><span class='ocrx_word' id='word_1_140' title='bbox 315 2339 349 2402; x_wconf 95' lang='lat' dir='ltr'><strong>in</strong></span> <span class='ocrx_word' id='word_1_141' title='bbox 371 2360 524 2426; x_wconf 89' lang='lat' dir='ltr'><strong>suspenso</strong></span> <span class='ocrx_word' id='word_1_142' title='bbox 546 2335 780 2424; x_wconf 82' lang='lat' dir='ltr'><strong>relinquamus,</strong></span> <span class='ocrx_word' id='word_1_143' title='bbox 812 2337 911 2402; x_wconf 93' lang='lat' dir='ltr'><strong>ullum</strong></span> <span class='ocrx_word' id='word_1_144' title='bbox 934 2359 1061 2402; x_wconf 89' lang='lat' dir='ltr'><strong>carmen</strong></span> <span class='ocrx_word' id='word_1_145' title='bbox 1082 2339 1117 2402; x_wconf 91' lang='lat' dir='ltr'><strong>in</strong></span> <span class='ocrx_word' id='word_1_146' title='bbox 1138 2338 1221 2403; x_wconf 91' lang='lat' dir='ltr'><strong>libro</strong></span> <span class='ocrx_word' id='word_1_147' title='bbox 1243 2337 1369 2404; x_wconf 77' lang='lat' dir='ltr'><strong>Catulli</strong></span> <span class='ocrx_word' id='word_1_148' title='bbox 1472 2361 1473 2420; x_wconf 72' lang='grc' dir='ltr'><strong>ι</strong></span> 
     </span>
    </p>
   </div>
   <div class='ocr_carea' id='block_1_4' title="bbox 313 2451 1369 3594">
    <p class='ocr_par' dir='ltr' id='par_1_4' title="bbox 313 2451 1369 3594">
     <span class='ocr_line' id='line_1_19' title="bbox 316 2451 1369 2543; baseline 0.001 -23"><span class='ocrx_word' id='word_1_149' title='bbox 316 2457 400 2522; x_wconf 88' lang='lat' dir='ltr'><strong>inest</strong></span> <span class='ocrx_word' id='word_1_150' title='bbox 422 2455 510 2543; x_wconf 92' lang='lat' dir='ltr'><strong>quod</strong></span> <span class='ocrx_word' id='word_1_151' title='bbox 530 2468 605 2542; x_wconf 88' lang='lat' dir='ltr'><strong>post</strong></span> <span class='ocrx_word' id='word_1_152' title='bbox 627 2477 769 2519; x_wconf 88' lang='lat' dir='ltr'><strong>mensem</strong></span> <span class='ocrx_word' id='word_1_153' title='bbox 794 2451 951 2520; x_wconf 84' lang='lat' dir='ltr'><strong>Sextilem</strong></span> <span class='ocrx_word' id='word_1_154' title='bbox 974 2455 1049 2520; x_wconf 86' lang='lat' dir='ltr'><strong>anni</strong></span> <span class='ocrx_word' id='word_1_155' title='bbox 1071 2455 1189 2532; x_wconf 74' lang='grc'><strong>700154</strong></span> <span class='ocrx_word' id='word_1_156' title='bbox 1208 2457 1369 2542; x_wconf 86' lang='lat' dir='ltr'><strong>scriptum</strong></span> 
     </span>
     <span class='ocr_line' id='line_1_20' title="bbox 317 2567 1369 2659; baseline 0.002 -24"><span class='ocrx_word' id='word_1_157' title='bbox 317 2593 386 2636; x_wconf 88' lang='lat' dir='ltr'><strong>esse</strong></span> <span class='ocrx_word' id='word_1_158' title='bbox 397 2572 527 2658; x_wconf 89' lang='lat' dir='ltr'><strong>probari</strong></span> <span class='ocrx_word' id='word_1_159' title='bbox 542 2581 659 2658; x_wconf 88' lang='lat' dir='ltr'><strong>potest.</strong></span> <span class='ocrx_word' id='word_1_160' title='bbox 688 2579 859 2658; x_wconf 87' lang='lat' dir='ltr'><strong>praeterea</strong></span> <span class='ocrx_word' id='word_1_161' title='bbox 873 2567 1031 2653; x_wconf 78' lang='lat' dir='ltr'><strong>Catullus,</strong></span> <span class='ocrx_word' id='word_1_162' title='bbox 1046 2570 1078 2636; x_wconf 92' lang='lat' dir='ltr'><strong>id</strong></span> <span class='ocrx_word' id='word_1_163' title='bbox 1094 2571 1180 2659; x_wconf 92' lang='lat' dir='ltr'><strong>quod</strong></span> <span class='ocrx_word' id='word_1_164' title='bbox 1196 2571 1369 2638; x_wconf 86' lang='lat' dir='ltr'><strong>Mommse-</strong></span> 
     </span>
     <span class='ocr_line' id='line_1_21' title="bbox 316 2687 1369 2776; baseline 0.001 -23"><span class='ocrx_word' id='word_1_165' title='bbox 316 2711 376 2753; x_wconf 89' lang='lat' dir='ltr'><strong>nus</strong></span> <span class='ocrx_word' id='word_1_166' title='bbox 390 2689 476 2773; x_wconf 90' lang='lat' dir='ltr'><strong>(bist.</strong></span> <span class='ocrx_word' id='word_1_167' title='bbox 493 2689 589 2754; x_wconf 89' lang='lat' dir='ltr'><strong>Rom.</strong></span> <span class='ocrx_word' id='word_1_168' title='bbox 601 2711 633 2754; x_wconf 95' lang='grc' dir='ltr'><strong>ιιι</strong></span> <span class='ocrx_word' id='word_1_169' title='bbox 642 2688 719 2771; x_wconf 87' lang='grc'>313)</span> <span class='ocrx_word' id='word_1_170' title='bbox 732 2687 898 2752; x_wconf 87' lang='lat' dir='ltr'><strong>uerissime</strong></span> <span class='ocrx_word' id='word_1_171' title='bbox 911 2687 1052 2776; x_wconf 82' lang='lat' dir='ltr'><strong>dispexit</strong></span> <span class='ocrx_word' id='word_1_172' title='bbox 1066 2699 1098 2755; x_wconf 90' lang='lat' dir='ltr'><strong>et</strong></span> <span class='ocrx_word' id='word_1_173' title='bbox 1110 2711 1167 2754; x_wconf 91' lang='lat' dir='ltr'><strong>nos</strong></span> <span class='ocrx_word' id='word_1_174' title='bbox 1181 2689 1369 2754; x_wconf 85' lang='lat' dir='ltr'><strong>adcuratius</strong></span> 
     </span>
     <span class='ocr_line' id='line_1_22' title="bbox 316 2804 1367 2892; baseline 0.001 -21"><span class='ocrx_word' id='word_1_175' title='bbox 316 2805 535 2871; x_wconf 86' lang='lat' dir='ltr'><strong>demonstrare</strong></span> <span class='ocrx_word' id='word_1_176' title='bbox 557 2805 642 2870; x_wconf 86' lang='lat' dir='ltr'><strong>infra</strong></span> <span class='ocrx_word' id='word_1_177' title='bbox 673 2805 879 2888; x_wconf 86' lang='lat' dir='ltr'><strong>conabimur,</strong></span> <span class='ocrx_word' id='word_1_178' title='bbox 911 2804 1029 2873; x_wconf 89' lang='lat' dir='ltr'><strong>librum</strong></span> <span class='ocrx_word' id='word_1_179' title='bbox 1060 2825 1151 2870; x_wconf 87' lang='lat' dir='ltr'><strong>suum</strong></span> <span class='ocrx_word' id='word_1_180' title='bbox 1183 2828 1267 2872; x_wconf 87' lang='lat' dir='ltr'><strong>anne</strong></span> <span class='ocrx_word' id='word_1_181' title='bbox 1293 2805 1367 2892; x_wconf 90' lang='lat' dir='ltr'><strong>ipso</strong></span> 
     </span>
     <span class='ocr_line' id='line_1_23' title="bbox 313 2920 1367 3010; baseline 0.002 -24"><span class='ocrx_word' id='word_1_182' title='bbox 313 2921 368 2988; x_wconf 92' lang='lat' dir='ltr'><strong>illo</strong></span> <span class='ocrx_word' id='word_1_183' title='bbox 400 2921 500 2988; x_wconf 86' lang='lat' dir='ltr'><strong>edidit</strong></span> <span class='ocrx_word' id='word_1_184' title='bbox 522 2947 529 2986; x_wconf 94' lang='lat'><strong>:</strong></span> <span class='ocrx_word' id='word_1_185' title='bbox 551 2920 614 3008; x_wconf 92' lang='lat' dir='ltr'><strong>quo</strong></span> <span class='ocrx_word' id='word_1_186' title='bbox 629 2932 766 3008; x_wconf 88' lang='lat' dir='ltr'><strong>utroque</strong></span> <span class='ocrx_word' id='word_1_187' title='bbox 786 2933 978 3009; x_wconf 87' lang='lat' dir='ltr'><strong>argumento</strong></span> <span class='ocrx_word' id='word_1_188' title='bbox 994 2945 1190 3010; x_wconf 88' lang='lat' dir='ltr'><strong>quamquam</strong></span> <span class='ocrx_word' id='word_1_189' title='bbox 1206 2923 1367 2988; x_wconf 88' lang='lat' dir='ltr'><strong>sententia</strong></span> 
     </span>
     <span class='ocr_line' id='line_1_24' title="bbox 313 3037 1367 3126; baseline 0 -22"><span class='ocrx_word' id='word_1_190' title='bbox 313 3061 413 3125; x_wconf 87' lang='lat' dir='ltr'><strong>quam</strong></span> <span class='ocrx_word' id='word_1_191' title='bbox 428 3037 525 3104; x_wconf 92' lang='lat' dir='ltr'><strong>modo</strong></span> <span class='ocrx_word' id='word_1_192' title='bbox 547 3040 586 3104; x_wconf 92' lang='lat' dir='ltr'><strong>de</strong></span> <span class='ocrx_word' id='word_1_193' title='bbox 609 3049 756 3126; x_wconf 87' lang='lat' dir='ltr'><strong>ternpore</strong></span> <span class='ocrx_word' id='word_1_194' title='bbox 777 3039 927 3104; x_wconf 88' lang='lat' dir='ltr'><strong>carminis</strong></span> <span class='ocrx_word' id='word_1_195' title='bbox 944 3061 1010 3104; x_wconf 86' lang='lat' dir='ltr'><strong>xrru</strong></span> <span class='ocrx_word' id='word_1_196' title='bbox 1025 3037 1165 3105; x_wconf 90' lang='lat' dir='ltr'><strong>diximus</strong></span> <span class='ocrx_word' id='word_1_197' title='bbox 1180 3059 1245 3103; x_wconf 93' lang='lat' dir='ltr'><strong>non</strong></span> <span class='ocrx_word' id='word_1_198' title='bbox 1259 3038 1367 3104; x_wconf 78' lang='lat' dir='ltr'><strong>fundi-</strong></span> 
     </span>
     <span class='ocr_line' id='line_1_25' title="bbox 315 3152 1367 3242; baseline 0.001 -23"><span class='ocrx_word' id='word_1_199' title='bbox 315 3165 367 3219; x_wconf 90' lang='lat' dir='ltr'><strong>tus</strong></span> <span class='ocrx_word' id='word_1_200' title='bbox 382 3152 546 3236; x_wconf 84' lang='lat' dir='ltr'><strong>refellitur,</strong></span> <span class='ocrx_word' id='word_1_201' title='bbox 560 3166 667 3221; x_wconf 90' lang='lat' dir='ltr'><strong>tamen</strong></span> <span class='ocrx_word' id='word_1_202' title='bbox 689 3155 1010 3242; x_wconf 88' lang='lat' dir='ltr'><strong>circumspiciendum</strong></span> <span class='ocrx_word' id='word_1_203' title='bbox 1027 3165 1077 3222; x_wconf 89' lang='lat' dir='ltr'><strong>est</strong></span> <span class='ocrx_word' id='word_1_204' title='bbox 1096 3175 1173 3220; x_wconf 87' lang='lat' dir='ltr'><strong>num</strong></span> <span class='ocrx_word' id='word_1_205' title='bbox 1192 3155 1277 3220; x_wconf 83' lang='lat' dir='ltr'><strong>forte</strong></span> <span class='ocrx_word' id='word_1_206' title='bbox 1291 3177 1367 3222; x_wconf 91' lang='lat' dir='ltr'><strong>con-</strong></span> 
     </span>
     <span class='ocr_line' id='line_1_26' title="bbox 314 3271 1366 3361; baseline 0.002 -25"><span class='ocrx_word' id='word_1_207' title='bbox 314 3273 438 3337; x_wconf 89' lang='lat' dir='ltr'><strong>iectura</strong></span> <span class='ocrx_word' id='word_1_208' title='bbox 466 3294 530 3361; x_wconf 87' lang='lat' dir='ltr'><strong>qua</strong></span> <span class='ocrx_word' id='word_1_209' title='bbox 556 3276 598 3342; x_wconf 91' lang='lat' dir='ltr'><strong>ab</strong></span> <span class='ocrx_word' id='word_1_210' title='bbox 630 3273 844 3360; x_wconf 85' lang='lat' dir='ltr'><strong>explicatione</strong></span> <span class='ocrx_word' id='word_1_211' title='bbox 872 3271 1094 3340; x_wconf 87' lang='lat' dir='ltr'><strong>artificiosiore</strong></span> <span class='ocrx_word' id='word_1_212' title='bbox 1119 3273 1294 3339; x_wconf 87' lang='lat' dir='ltr'><strong>liberemur</strong></span> <span class='ocrx_word' id='word_1_213' title='bbox 1320 3274 1366 3338; x_wconf 88' lang='lat' dir='ltr'><strong>in·</strong></span> 
     </span>
     <span class='ocr_line' id='line_1_27' title="bbox 314 3388 1366 3476; baseline 0.005 -25"><span class='ocrx_word' id='word_1_214' title='bbox 314 3388 417 3452; x_wconf 91' lang='lat' dir='ltr'><strong>ueniri</strong></span> <span class='ocrx_word' id='word_1_215' title='bbox 440 3391 552 3474; x_wconf 89' lang='lat' dir='ltr'><strong>possit.</strong></span> <span class='ocrx_word' id='word_1_216' title='bbox 596 3389 693 3455; x_wconf 87' lang='lat' dir='ltr'><strong>talem</strong></span> <span class='ocrx_word' id='word_1_217' title='bbox 723 3390 867 3476; x_wconf 87' lang='lat' dir='ltr'><strong>profecto</strong></span> <span class='ocrx_word' id='word_1_218' title='bbox 896 3391 1093 3476; x_wconf 87' lang='lat' dir='ltr'><strong>reperiamus</strong></span> <span class='ocrx_word' id='word_1_219' title='bbox 1118 3389 1201 3454; x_wconf 83' lang='lat' dir='ltr'><strong>licet</strong></span> <span class='ocrx_word' id='word_1_220' title='bbox 1244 3388 1366 3456; x_wconf 74' lang='lat' dir='ltr'><strong>Oduus</strong></span> 
     </span>
     <span class='ocr_line' id='line_1_28' title="bbox 315 3504 1367 3594; baseline 0.004 -26"><span class='ocrx_word' id='word_1_221' title='bbox 315 3504 399 3568; x_wconf 90' lang='lat' dir='ltr'><strong>enim</strong></span> <span class='ocrx_word' id='word_1_222' title='bbox 434 3507 498 3568; x_wconf 85' lang='lat' dir='ltr'><strong>iam</strong></span> <span class='ocrx_word' id='word_1_223' title='bbox 519 3506 651 3570; x_wconf 89' lang='lat' dir='ltr'><strong>biennio</strong></span> <span class='ocrx_word' id='word_1_224' title='bbox 674 3506 811 3593; x_wconf 89' lang='lat' dir='ltr'><strong>amplius</strong></span> <span class='ocrx_word' id='word_1_225' title='bbox 833 3515 908 3570; x_wconf 87' lang='lat' dir='ltr'><strong>anta</strong></span> <span class='ocrx_word' id='word_1_226' title='bbox 929 3528 1027 3594; x_wconf 87' lang='lat' dir='ltr'><strong>quam</strong></span> <span class='ocrx_word' id='word_1_227' title='bbox 1048 3527 1162 3571; x_wconf 84' lang='lat' dir='ltr'><strong>caussa</strong></span> <span class='ocrx_word' id='word_1_228' title='bbox 1181 3505 1236 3570; x_wconf 88' lang='lat' dir='ltr'><strong>illa</strong></span> <span class='ocrx_word' id='word_1_229' title='bbox 1257 3506 1297 3572; x_wconf 89' lang='lat' dir='ltr'><strong>ad</strong></span> <span class='ocrx_word' id='word_1_230' title='bbox 1320 3507 1367 3572; x_wconf 90' lang='lat' dir='ltr'><strong>iu·</strong></span> 
     </span>
    </p>
   </div>
   <div class='ocr_carea' id='block_1_5' title="bbox 314 3617 1473 3707">
    <p class='ocr_par' dir='ltr' id='par_1_5' title="bbox 314 3617 1473 3707">
     <span class='ocr_line' id='line_1_29' title="bbox 314 3617 1473 3707; baseline 0.007 -25"><span class='ocrx_word' id='word_1_231' title='bbox 314 3617 399 3683; x_wconf 90' lang='lat' dir='ltr'><strong>dices</strong></span> <span class='ocrx_word' id='word_1_232' title='bbox 415 3622 506 3686; x_wconf 92' lang='lat' dir='ltr'><strong>uenit</strong></span> <span class='ocrx_word' id='word_1_233' title='bbox 524 3643 558 3685; x_wconf 91' lang='lat' dir='ltr'><strong>se</strong></span> <span class='ocrx_word' id='word_1_234' title='bbox 572 3619 749 3704; x_wconf 85' lang='lat' dir='ltr'><strong>Vatinium,</strong></span> <span class='ocrx_word' id='word_1_235' title='bbox 765 3632 936 3707; x_wconf 86' lang='lat' dir='ltr'><strong>praeturae</strong></span> <span class='ocrx_word' id='word_1_236' title='bbox 951 3633 1018 3686; x_wconf 89' lang='lat' dir='ltr'><strong>tum</strong></span> <span class='ocrx_word' id='word_1_237' title='bbox 1036 3621 1250 3705; x_wconf 89' lang='lat' dir='ltr'><strong>candidatum,</strong></span> <span class='ocrx_word' id='word_1_238' title='bbox 1272 3645 1365 3688; x_wconf 89' lang='lat' dir='ltr'><strong>accu—</strong></span> <span class='ocrx_word' id='word_1_239' title='bbox 1465 3667 1473 3690; x_wconf 64' lang='grc' dir='ltr'><strong>ι</strong></span> 
     </span>
    </p>
   </div>
   <div class='ocr_carea' id='block_1_6' title="bbox 313 3737 1366 3943">
    <p class='ocr_par' dir='ltr' id='par_1_6' title="bbox 313 3737 1366 3943">
     <span class='ocr_line' id='line_1_30' title="bbox 314 3737 1364 3827; baseline 0.007 -28"><span class='ocrx_word' id='word_1_240' title='bbox 314 3745 456 3800; x_wconf 88' lang='lat' dir='ltr'><strong>saturum</strong></span> <span class='ocrx_word' id='word_1_241' title='bbox 492 3759 562 3803; x_wconf 92' lang='lat' dir='ltr'><strong>esse</strong></span> <span class='ocrx_word' id='word_1_242' title='bbox 594 3737 698 3825; x_wconf 85' lang='lat' dir='ltr'><strong>palam</strong></span> <span class='ocrx_word' id='word_1_243' title='bbox 733 3739 887 3804; x_wconf 86' lang='lat' dir='ltr'><strong>edixerat.</strong></span> <span class='ocrx_word' id='word_1_244' title='bbox 946 3761 1017 3804; x_wconf 88' lang='lat' dir='ltr'><strong>cum</strong></span> <span class='ocrx_word' id='word_1_245' title='bbox 1046 3739 1131 3804; x_wconf 85' lang='lat' dir='ltr'><strong>anim</strong></span> <span class='ocrx_word' id='word_1_246' title='bbox 1158 3738 1262 3827; x_wconf 91' lang='lat' dir='ltr'><strong>pridie</strong></span> <span class='ocrx_word' id='word_1_247' title='bbox 1291 3740 1364 3807; x_wconf 91' lang='lat' dir='ltr'><strong>idus</strong></span> 
     </span>
     <span class='ocr_line' id='line_1_31' title="bbox 313 3848 1366 3943; baseline 0.008 -29"><span class='ocrx_word' id='word_1_248' title='bbox 313 3848 448 3916; x_wconf 86' lang='lat' dir='ltr'><strong>Martias</strong></span> <span class='ocrx_word' id='word_1_249' title='bbox 469 3876 498 3919; x_wconf 90' lang='lat' dir='ltr'><strong>a.</strong></span> <span class='ocrx_word' id='word_1_250' title='bbox 520 3853 637 3931; x_wconf 68' lang='lat'>698156</span> <span class='ocrx_word' id='word_1_251' title='bbox 659 3877 774 3919; x_wconf 87' lang='lat' dir='ltr'><strong>caussa</strong></span> <span class='ocrx_word' id='word_1_252' title='bbox 792 3853 940 3920; x_wconf 80' lang='lat' dir='ltr'><strong>Sestiana</strong></span> <span class='ocrx_word' id='word_1_253' title='bbox 961 3857 1047 3942; x_wconf 87' lang='lat' dir='ltr'><strong>apud</strong></span> <span class='ocrx_word' id='word_1_254' title='bbox 1069 3853 1191 3921; x_wconf 87' lang='lat' dir='ltr'><strong>iudices</strong></span> <span class='ocrx_word' id='word_1_255' title='bbox 1212 3865 1366 3943; x_wconf 73' lang='lat' dir='ltr'><strong>ageretur</strong></span> 
     </span>
    </p>
   </div>
   <div class='ocr_carea' id='block_1_7' title="bbox 1469 929 1473 994">
    <p class='ocr_par' dir='ltr' id='par_1_7' title="bbox 1469 929 1473 994">
     <span class='ocr_line' id='line_1_32' title="bbox 1469 929 1473 946; baseline 0 0"><span class='ocrx_word' id='word_1_256' title='bbox 1469 929 1473 946; x_wconf 61' lang='lat' dir='ltr'><strong>l</strong></span> 
     </span>
     <span class='ocr_line' id='line_1_33' title="bbox 1472 979 1473 994; baseline 0 0"><span class='ocrx_word' id='word_1_257' title='bbox 1472 979 1473 994; x_wconf 91' lang='lat' dir='ltr'><strong>l</strong></span> 
     </span>
    </p>
   </div>
   <div class='ocr_carea' id='block_1_8' title="bbox 0 0 1490 4484">
    <p class='ocr_par' dir='ltr' id='par_1_8' title="bbox 0 0 1490 4484">
     <span class='ocr_line' id='line_1_34' title="bbox 0 0 1490 4484; baseline 0 2"><span class='ocrx_word' id='word_1_258' title='bbox 0 0 1490 4484; x_wconf 95' lang='lat' dir='ltr'><strong> </strong></span> 
     </span>
    </p>
   </div>
  </div>
 </body>
</html>
