3002 4490
139 375 218 426 Xissi
246 373 293 426 DE
310 375 362 425 ΜΔ
369 373 452 425 Nido
469 373 666 437 renovato
684 375 730 425 ET
748 373 845 426 vmta
864 373 1110 428 avavrevuula
1144 377 1191 427 241

141 555 222 608 torae
252 551 317 606 trane
338 543 518 626 parepra'aoa
542 539 648 607 rdderu'
665 543 791 606 'ammae
817 541 890 618 erit,
919 541 975 629 qai
992 541 1055 606 tam
1076 563 1113 605 ea
1133 553 1194 606 tata

142 655 244 723 Italia
274 655 381 722 delecti
404 667 498 722 tecum
526 659 563 722 do
592 659 702 722 tonora
729 669 757 722 et
783 657 823 723 da
843 659 930 723 omni
947 655 1098 742 dt'qna'tata
1121 681 1193 724 aaa·

140 771 265 840 tendant
294 771 348 859 (οἱ.
374 773 471 839 etiam
500 773 521 838 9
548 771 598 840 27.
633 774 671 838 14
700 774 767 857 41).
819 783 928 839 tamen
963 774 1031 861 ipae
1059 775 1111 839 hio
1142 773 1194 840 uir

142 901 292 957 materno
324 911 444 978 genero
472 889 672 978 municipalia
697 890 880 956 Asculanos
912 891 973 957 fuit
1004 889 1076 978 (pro
1101 888 1193 958 Sulla

141 1009 163 1074 8
183 1007 251 1093 25).
294 1007 433 1094 denique
456 1029 528 1072 oum
543 1005 728 1093 Torquatus
750 1007 865 1072 litteria
883 1005 1033 1072 omnibus
1048 1005 1193 1073 eruditus

141 1133 240 1209 earet,
263 1143 301 1190 eo
323 1121 450 1188 facilius
471 1121 499 1187 ia
521 1143 593 1188 oum
608 1119 738 1190 Catullo
758 1121 900 1190 amicitia
920 1133 953 1189 et
974 1123 1192 1191 familiaritate

139 1240 333 1315 coniunctae
355 1261 426 1306 eoae
440 1240 554 1327 potuit
596 1239 636 1304 oi.
651 1260 734 1326 quae
749 1237 865 1306 Oioero
877 1240 910 1306 in
926 1241 1029 1307 Bruto
1045 1239 1101 1324 (76
1115 1241 1192 1325 265)

140 1357 182 1424 de
214 1377 253 1423 eo
284 1355 441 1422 iudicauit
467 1375 475 1418 :
505 1355 626 1442 rda'qaa'
653 1367 719 1421 aaut
740 1361 803 1444 qai
829 1363 940 1422 marna
968 1363 1028 1424 artat
1056 1359 1192 1443 (Lucina

142 1473 359 1562 Pompeianos
382 1481 510 1540 aeoutue
532 1493 616 1538 anno
638 1471 753 1562 107147
769 1473 801 1538 in
816 1471 901 1539 bello
916 1474 1072 1541 Africano
1087 1475 1192 1563 periit,

139 1591 183 1656 ef.
204 1587 276 1654 beli.
298 1587 399 1656 Airio.
422 1589 489 1673 96),
511 1588 551 1655 L.
579 1591 770 1677 Torquatos,
797 1613 884 1678 qaam
905 1603 938 1656 ta
961 1613 1020 1657 aaa
1047 1604 1108 1658 tum
1138 1597 1193 1657 rita

138 1707 287 1772 rictorem
309 1707 457 1788 aaaron,
479 1707 539 1772 aa
556 1728 618 1772 aaa
639 1709 742 1771 deerat
761 1712 867 1784 oratio,
889 1730 1002 1794 queam,
1023 1719 1057 1772 at
1078 1707 1195 1774 Graeci

139 1825 262 1907 dieunt,
284 1813 454 1890 πολιτικόν
474 1847 481 1890 ε
503 1833 588 1888 eraat
615 1827 645 1888 ia
674 1845 707 1887 eo
736 1825 888 1909 plantano
913 1825 1028 1889 Iattarae
1053 1847 1108 1890 aea
1138 1847 1193 1890 eae

138 1939 305 2027 uulparm
337 1941 395 2007 aad
422 1941 585 2008 tatart'oroe
615 1941 768 2026 quaedam
800 1953 827 2004 at
860 1941 1050 2023 reconditae,
1083 1941 1193 2007 &arira

137 2063 286 2124 montorio
313 2081 431 2124 mmma
458 2058 619 2124 uerborum
641 2067 668 2122 et
685 2063 826 2143 prauitas
848 2069 875 2122 et
896 2059 1049 2146 alapantt'a
1071 2085 1083 2124 .·
1104 2070 1192 2146 atquo

138 2177 217 2242 daeo
236 2177 337 2241 mnata
358 2177 441 2241 uitae
454 2174 616 2240 decorabat
629 2173 767 2260 dr'pm'tar
782 2187 810 2240 et
823 2175 992 2264 aitteprdar.
1023 2184 1191 2264 praeterea

139 2291 278 2358 eundem
299 2289 503 2380 Torquatum
523 2289 558 2356 in
579 2289 734 2356 librorum
750 2311 831 2378 quoe
846 2289 885 2356 do
900 2290 1018 2358 tinibua
1032 2291 1190 2359 bonorum

138 2419 174 2475 et
195 2410 355 2480 malorum,
374 2409 503 2496 scripsit
523 2407 627 2494 primo
649 2417 682 2474 et
703 2407 844 2474 seeundo
866 2406 993 2473 Tullius
1015 2419 1191 2495 praecepta

137 2524 272 2613 Epicuri
315 2523 496 2612 philosophi
538 2523 764 2590 defendentem
806 2523 892 2589 fouit.
956 2523 1046 2591 ouiua
1082 2525 1190 2613 operia

137 2641 246 2708 locum
268 2662 368 2708 uuum
390 2643 413 2729 (ι
437 2641 455 2706 'i
477 2641 533 2726 25)
556 2641 609 2706 hio
627 2639 793 2707 oxoribero
814 2641 920 2724 lineat,
942 2663 1006 2730 quo
1022 2641 1190 2707 uideamus

137 2759 177 2826 L.
205 2757 408 2847 Torquatum
438 2759 543 2847 poetis
574 2758 719 2846 legendis
751 2756 865 2824 sedulo
896 2779 1026 2846 operam
1062 2757 1190 2826 dodinae

137 2885 237 2965 atque
257 2877 434 2964 permultos
456 2895 569 2940 ueraua
591 2873 757 2957 momoria,
779 2897 876 2963 quam
895 2871 1010 2940 Cicero
1031 2875 1065 2940 in
1085 2873 1189 2942 Bruto

138 2991 280 3060 diuinam
302 2991 491 3072 nominauit,
513 2992 654 3058 tenuisse
675 3015 713 3056 ae
734 3012 971 3058 conseruasse:
993 2991 1188 3080 quodecim,

136 3132 211 3176 cum
242 3109 282 3176 do
314 3107 475 3198 Torquati
509 3117 543 3175 et
577 3107 703 3175 Catulli
734 3117 850 3196 poetae
880 3107 1019 3176 amicitia
1057 3131 1189 3197 quaera-

136 3249 225 3309 mus,
257 3235 369 3292 nostra
401 3226 536 3292 multum
565 3225 709 3293 intereat.
752 3225 829 3314 qaid
850 3226 914 3304 aaa,
938 3225 1042 3315 inquit
1065 3223 1189 3307 Cicero,

141 3343 304 3431 Torquate,
326 3343 408 3432 qaid
426 3341 501 3409 tuda
528 3341 646 3408 Tia'an'o
667 3344 797 3424 litterae,
819 3343 900 3430 quid
919 3342 1062 3408 turoam
1084 3343 1190 3432 anqui-

136 3466 235 3548 abqae
252 3484 370 3545 raram,
391 3461 488 3548 quid
506 3471 720 3548 poetarum¹
738 3460 928 3541 enodatio,
960 3458 1061 3547 qaid
1080 3471 1189 3526 tauta

137 3589 194 3644 tot
212 3599 404 3642 aaraaam
424 3579 610 3643 memoria
630 3579 792 3663 uoluptatis
818 3575 949 3663 adfert?
975 3575 1110 3664 adparet
1131 3576 1189 3663 igi·

136 3703 192 3761 tur
228 3690 307 3758 nibil
343 3690 471 3758 obstare
516 3715 580 3781 quo
613 3693 719 3758 minua
755 3692 849 3758 huiua
886 3691 1016 3780 Manlii,
1032 3691 1188 3780 Torquati

134 3809 267 3899 nuptiae
297 3807 445 3878 Catullus
470 3819 604 3899 putetur
631 3809 772 3876 carmine
801 3829 856 3876 uxr
882 3808 1103 3878 celebrauiaee.
1148 3809 1188 3875 de

134 3937 282 4018 tempore
318 3949 383 4017 quo
418 3926 451 3993 id
485 3925 639 4016 aoriptum
674 3927 716 3992 ait
749 3950 791 3993 ex
824 3927 920 3994 rebus
960 3947 1044 4013 quae
1080 3926 1113 3990 in
1148 3947 1188 3991 oo
