2970 4484
379 345 453 396 vmr
488 345 537 398 DE
554 343 713 397 efflatas
732 345 778 396 ET
794 343 1027 397 carssmsrrls
1177 347 1227 398 228

179 511 309 600 Hcysic
337 511 409 576 aliis
437 533 548 578 ueram
575 511 648 576 illos
674 510 719 576 ita
741 511 809 576 iere
829 511 861 576 in
884 533 982 578 unum
1004 533 1133 576 carmen
1155 533 1228 578 ecn-

178 626 363 714 iungendcs
384 650 455 694 esse
480 626 681 694 arbitramur.

385 793 512 858 Othonis
533 805 628 879 caput
648 795 756 880 cppriio
776 794 936 879 perillum,

382 911 467 975 Heri
485 911 601 975 rustice
622 911 784 975 semriaute
804 933 905 991 mre,

381 1027 488 1092 subtrie
509 1039 537 1092 et
557 1025 620 1092 leue
636 1027 772 1114 peditum
795 1027 933 1108 Libonis,

381 1143 414 1208 ri
430 1166 490 1209 aen
512 1145 626 1226 omnia,
648 1145 803 1230 displicere
822 1145 932 1209 uellem

380 1259 437 1324 ribi
456 1271 483 1323 st
503 1257 635 1343 Fcfieeb,
656 1265 722 1325 aerei
738 1271 851 1326 recocto
872 1284 882 1324 .·

381 1379 517 1442 ireseen
537 1377 648 1442 terem
669 1377 744 1442 mer's
765 1377 876 1442 t’ambr'e

381 1495 609 1574 tempestates,
631 1496 723 1558 errice
744 1495 909 1579 sisperator.

180 1676 215 1744 in
236 1699 332 1744 uersu
354 1678 458 1766 primo
479 1689 538 1763 ert,
567 1678 655 1768 quod
677 1679 709 1745 in
731 1678 822 1746 libris
842 1687 917 1767 post
937 1681 1053 1766 oppeto
1073 1680 1230 1767 scriptum

181 1804 249 1876 eat,
282 1819 356 1861 eum
389 1795 537 1862 omnibus
566 1796 643 1862 uiris
671 1795 774 1862 doctis
802 1796 919 1883 quibus
949 1819 1077 1863 carmen
1105 1796 1229 1862 lacunis

181 1933 292 1978 carere
332 1913 479 1996 uidetur,
512 1935 550 1979 eo
579 1913 675 1978 citius
709 1913 807 1980 reieci
839 1935 904 2001 quc
932 1914 1060 2002 saepius
1094 1913 1228 1980 uerbum

181 2027 419 2096 substantiuum
448 2031 573 2098 scribae
602 2031 681 2098 locis
706 2029 818 2096 alienia
838 2029 1030 2098 addiderunt
1050 2053 1058 2094 :
1079 2031 1120 2096 ef.
1142 2031 1229 2118 apud

181 2142 347 2212 Catullum
364 2165 498 2214 Lxxxun
512 2147 717 2215 electionem
733 2147 906 2214 multorum
928 2147 1080 2214 librorum
1103 2149 1166 2214 esar
1188 2160 1230 2214 ert

181 2284 241 2349 pro
259 2269 321 2330 eius
335 2273 368 2329 et
387 2287 513 2332 xxxvur
530 2265 558 2330 1.
577 2265 608 2348 2,
629 2266 684 2331 ubi
704 2264 835 2349 librarii,
857 2275 933 2352 post
949 2286 1046 2350 quam
1061 2263 1229 2351 archetypi

181 2380 293 2446 mulcet
311 2401 378 2446 non
398 2379 598 2448 intellectum
619 2383 653 2447 in
673 2383 751 2448 male
772 2384 804 2448 η’
821 2390 1049 2470 corruperunt,
1081 2382 1159 2446 male
1187 2391 1231 2446 eet

181 2498 214 2562 si
233 2508 458 2565 exercuerunt
481 2507 648 2586 praeterea
662 2496 741 2564 nihil
757 2497 825 2564 niei'
834 2509 945 2586 aperte
959 2504 1111 2584 corrupta
1125 2517 1229 2562 emen-

181 2613 338 2680 desimus
380 2615 415 2680 iu
435 2636 533 2682 uersu
553 2613 695 2682 secundo
721 2614 835 2681 ecdem
861 2613 932 2679 iure
962 2635 1026 2701 quo
1053 2612 1086 2680 in
1115 2615 1228 2702 quinto

181 2729 245 2796 uiri
272 2731 358 2798 docti
385 2730 512 2820 plurimi
539 2753 582 2798 ex
607 2731 763 2798 librorum
783 2731 906 2817 sufficio
927 2731 1073 2798 iecerunt
1094 2731 1229 2816 Γαβαὼ,

182 2847 333 2934 equidem
359 2868 402 2914 ex
427 2849 582 2914 librorum
609 2847 652 2914 Es
679 2853 724 2914 eri
748 2848 800 2914 uel
821 2847 864 2912 Et
883 2849 955 2914 teri
973 2847 1109 2914 Herium
1130 2869 1228 2935 quen-

182 2963 275 3046 dam,
304 2964 392 3052 quod
412 2987 531 3032 nomen
552 2964 637 3052 apud
658 2965 829 3052 scriptores
851 2975 883 3030 ct
905 2966 938 3030 in
959 2964 1060 3031 titulis
1087 2965 1229 3053 antiquis

183 3080 312 3169 saepius
341 3091 514 3169 conparet,
546 3080 674 3150 Catullo
705 3080 841 3148 restitui
884 3080 1004 3146 ibidem
1034 3103 1093 3169 pro
1120 3087 1230 3147 rustice

182 3197 338 3264 librorum
365 3221 437 3264 eum
466 3199 619 3266 Turnebc
648 3197 765 3265 Voseio
791 3196 936 3285 Hauptic
968 3197 1093 3286 Heysio
1114 3203 1229 3264 marica

181 3313 303 3402 scripsi.
332 3313 398 3382 Sed
415 3314 492 3403 quid
508 3316 640 3382 tandem
655 3313 802 3382 Catullus
819 3316 881 3380 hoe
896 3313 1038 3380 carmine
1051 3314 1147 3381 uult?
1169 3313 1229 3383 Oa·

180 3429 281 3498 tullus
301 3455 366 3499 non
387 3433 476 3500 nuile
497 3433 576 3500 dicit
596 3432 637 3498 de
659 3430 776 3520 quibus
799 3433 868 3497 fore
889 3440 925 3497 ut
945 3431 1061 3498 iterum
1081 3431 1143 3497 sibi
1161 3433 1228 3498 uni·

180 3570 239 3614 cua
254 3549 307 3615 illc
323 3551 489 3637 inperator
498 3547 654 3614 irascatur
668 3547 838 3636 procidet:
852 3541 995 3626 ‘iterum',
1010 3547 1087 3635 quia
1098 3547 1229 3634 Cacsar,

179 3664 302 3732 utiam
323 3665 489 3734 Victorius
510 3666 641 3750 (uaria.
653 3667 739 3732 lectt
755 3687 821 3731 xxc
839 3665 891 3747 15)
913 3665 1003 3749 uidit,
1025 3665 1113 3752 prius
1133 3664 1230 3732 unde·

181 3781 338 3869 trigesimi
368 3782 519 3850 carminis
546 3805 660 3850 caussa
682 3779 810 3848 Catullo
834 3783 952 3848 aeriter
972 3792 1228 3850 succensusrat:

179 3899 214 3968 id
236 3899 323 3990 qued
344 3911 378 3967 et
400 3899 549 3969 Suetonii
575 3897 759 3968 testimonio
782 3899 859 3984 (Iul.
882 3899 922 3966 73
945 3899 1110 3976 Comitem,
1135 3920 1229 3984 eque
