2970 4484
165 287 170 296 ¹
288 327 339 378 aas
589 323 627 376 x1
660 327 708 378 nn
728 327 760 378 u.
779 323 911 378 nissum
930 321 1049 378 cnnvo

287 501 436 574 temtore,
458 491 566 556 officis
587 491 746 580 quaedam
767 491 809 556 eb
831 500 959 556 oratore
980 491 1041 558 sibi
1062 491 1218 578 praestito
1231 515 1339 559 remu·

288 619 440 674 neraturc
461 608 614 690 libellum,
636 608 669 673 in
686 629 750 694 quo
766 607 996 694 grammaticus
1011 609 1153 674 carmine
1167 617 1339 695 pectorum
1462 611 1463 650 ἕ

286 735 448 791 certorum
470 725 590 790 selecta
614 727 819 811 conlegerat,
847 724 972 791 muneri
997 727 1189 812 accepisset,
1212 724 1338 792 Caluus
1462 721 1463 768 ἕ

285 865 374 908 more
399 842 454 908 illo
482 841 752 930 apophoretorum
772 841 1002 908 mittendorum
1032 840 1138 926 lepide
1165 851 1198 906 ct
1226 841 1337 909 iocose

285 962 403 1026 ebusus
415 959 554 1042 Catullo,
570 958 620 1024 cui
635 967 757 1045 poetas,
780 979 860 1044 quos
875 955 966 1023 Sulla
979 956 1034 1022 ille
1047 957 1081 1020 in
1095 955 1168 1023 sinu
1182 958 1337 1044 gestabat

283 1096 485 1164 quorumque
499 1075 594 1140 flores
609 1074 641 1140 in
658 1073 800 1141 libellum
814 1073 904 1138 illum
920 1073 1098 1155 rettulerat,
1120 1095 1218 1160 quem
1233 1074 1336 1140 mexi-

283 1215 334 1257 me
362 1192 484 1258 inuisos
512 1213 671 1256 essenon
698 1190 877 1277 ignorauit,
911 1190 982 1277 ipse
1008 1189 1088 1253 haec
1114 1189 1218 1255 electa
1246 1189 1334 1256 dono

282 1309 375 1373 misit
420 1308 592 1396 quodcum
614 1308 673 1373 sub
687 1328 859 1394 uesperum
879 1306 1001 1372 amicus
1023 1304 1161 1384 lenisset,
1183 1306 1334 1372 Catullus

282 1424 387 1490 stetim
414 1445 543 1489 carmen
570 1445 635 1488 xun
664 1425 696 1488 in
718 1423 862 1488 chartam
889 1422 1025 1489 coniecit
1055 1433 1088 1490 et
1120 1422 1160 1488 ad
1188 1421 1331 1488 amicum

282 1540 440 1627 reportari
465 1539 573 1622 iussit,
605 1561 669 1624 quo
698 1549 811 1626 postea
832 1561 927 1625 quern
949 1537 1052 1606 Caluo
1076 1538 1200 1604 crimini
1220 1537 1331 1604 iocose

280 1658 377 1721 uertit
398 1656 484 1743 quod
506 1655 559 1721 ille
573 1657 710 1721 amicum
724 1655 802 1742 ipsis
821 1651 1058 1737 Saturnalibus,
1079 1655 1197 1741 quibus
1218 1675 1331 1720 omnes

281 1797 300 1840 a
321 1772 418 1838 rebus
431 1773 575 1838 aduersis
589 1771 681 1838 libeni
698 1792 767 1836 esse
782 1781 945 1858 cuperent,
967 1780 1034 1837 tem
1048 1769 1191 1857 maligne
1205 1791 1328 1836 uexere

281 1887 394 1969 uellet,
430 1887 480 1954 his
515 1889 623 1954 uerbis
660 1887 823 1974 pollicitus
851 1896 899 1952 est
930 1909 965 1952 se
996 1887 1043 1952 illi
1074 1885 1327 1952 cumulatissime

280 2004 418 2092 gratiam
440 2003 615 2070 soluturum
637 2025 736 2070 esse:
819 2015 822 2020 '

478 2203 537 2244 non
556 2203 619 2244 nors
641 2179 696 2243 loc
718 2183 774 2261 riti,
796 2182 881 2259 salse,
903 2184 946 2243 sic
965 2179 1070 2246 abati.

477 2320 558 2379 acm,
580 2297 744 2378 siluaecrs't,
767 2299 808 2360 nd
828 2297 1029 2360 librariorum

477 2435 605 2477 curram
626 2414 751 2494 scrinia,
775 2413 898 2477 Cacoc'cs
919 2413 1058 2496 Aquinas

478 2528 634 2614 Suffenum
655 2530 760 2594 omnia
782 2530 935 2616 conlipom
955 2549 1072 2592 nonem

475 2671 512 2710 nc
534 2659 560 2711 te
580 2647 631 2711 leis
653 2647 817 2732 suppliciis
837 2645 1060 2712 remunerabor.

275 2820 422 2888 Catullus
444 2821 568 2888 Sullam
595 2822 684 2888 illum
709 2845 775 2888 non
797 2824 865 2888 sine
886 2831 1072 2908 contemptu
1091 2815 1323 2888 'litteratorem'

275 2938 459 3026 adpellauit.
510 2940 686 3006 Suetonius
715 2941 770 3024 (de
802 2962 937 3027 gramm.
966 2941 1000 3020 4)
1033 2952 1104 3004 eunt
1133 2938 1240 3026 inquit
1271 2943 1324 3024 qui

272 3058 433 3122 literatum
454 3081 475 3121 o
494 3059 659 3123 litteratore
678 3059 881 3145 distinguunt,
903 3070 933 3121 ut
953 3059 1069 3121 &ccci
1083 3061 1319 3142 yrommctieum

272 3197 293 3238 α
311 3180 541 3259 prammatista,
571 3188 599 3240 et
626 3175 711 3240 illum
740 3177 857 3259 quidem
878 3175 1013 3239 absolute
1032 3177 1113 3238 lunc
1131 3174 1318 3238 medrom'ter

272 3289 391 3354 doctum
425 3291 613 3370 crs'sts'mect,
644 3313 769 3375 quorum
799 3293 966 3374 oprnsbnem
998 3289 1135 3354 Orbibus
1165 3289 1304 3373 exempl’

271 3407 441 3491 confirmer.
491 3407 575 3492 quod
606 3407 776 3472 discrimen
808 3429 870 3470 non
900 3405 968 3470 tolli
998 3404 1127 3470 uidetur
1154 3404 1203 3488 (id
1230 3404 1315 3492 quod

272 3520 447 3587 Suetonius
475 3523 493 3586 l
522 3547 548 3587 c.
578 3523 637 3589 sibi
666 3520 840 3609 persuasit)
870 3520 957 3586 dicto
986 3519 1125 3608 quodum
1148 3519 1315 3586 Messallae

270 3634 402 3702 Coruini
423 3633 497 3703 ‘non
519 3661 590 3704 esse
611 3628 681 3704 sibi’
701 3638 833 3703 dicentis
853 3632 931 3702 ‘rem
952 3659 1024 3702 cum
1042 3637 1141 3702 Furio
1156 3636 1313 3704 Bibaculo

269 3777 311 3819 ne
344 3776 417 3817 cum
446 3755 560 3820 Ticida
593 3754 721 3842 quidem
754 3765 810 3818 aut
839 3755 1017 3819 litteratore
1047 3748 1191 3819 (letonc'.
1240 3775 1311 3818 nem

269 3869 419 3938 Messalla
442 3893 570 3959 quoque
593 3871 751 3937 Catonem
774 3870 987 3955 contemptius
1015 3871 1186 3954 designare
1211 3869 1312 3938 uoluit
