2900 4478
435 327 559 384 LXXVII
579 329 592 382 l
604 357 635 369 -
646 327 784 386 LXXVIII
800 331 818 383 6

567 513 734 582 LXXVII

208 637 300 754 lluse
323 668 405 734 milri
429 669 552 734 frustra
574 691 611 735 ae
633 669 851 752 nequicquam
874 670 997 735 eredite
1020 671 1125 736 amieo

247 789 406 865 (frustral
427 789 494 854 imo
516 811 637 873 magno
659 809 736 854 eum
758 789 863 872 pretio
886 799 983 872 atque
1005 790 1116 872 malo),

205 909 326 974 sioeine
349 908 512 994 subrepsti
534 909 598 974 mei
621 915 720 990 sique
742 907 900 974 intestina
921 929 1080 992 perurens

246 1028 274 1092 si
296 1026 418 1093 misero
440 1027 590 1111 eripuisti
613 1029 724 1094 omnia
745 1037 857 1093 nostra
880 1027 987 1093 bona?

162 1147 182 1210 5
205 1147 365 1229 eripuisti,
389 1147 452 1212 heu
476 1147 540 1212 heu
563 1156 696 1213 nostrae
717 1145 849 1213 erudele
863 1169 1038 1213 'uenenum

248 1265 345 1344 uitae,
369 1265 432 1331 heu
455 1265 520 1332 heu
543 1275 675 1332 nostras
697 1267 802 1350 pestis
823 1267 995 1332 amioitiae.

555 1619 743 1685 LXXVIII

206 1779 323 1874 Gallus
336 1808 434 1873 habet
446 1808 571 1884 iratres,
584 1828 724 1890 quorum
737 1816 787 1872 est
799 1808 1001 1891 lepidissima
1013 1809 1158 1873 coniunx

248 1927 393 2004 alterius,
417 1926 544 2012 lepidus
567 1927 657 1991 filius
680 1927 824 1992 alterius.

205 2045 326 2112 Gallus
349 2046 446 2111 homo
462 2055 513 2112 est
527 2045 648 2112 bellus:
672 2066 750 2110 nam
765 2031 878 2112 dulees
900 2047 1007 2131 iungit
1021 2067 1158 2126 umores,

246 2187 321 2231 oum
344 2186 445 2248 puero
467 2173 505 2230 ut
527 2164 614 2229 bello
637 2164 724 2229 bolla
745 2165 857 2249 puella
879 2165 984 2231 subet.

162 2284 182 2347 5
208 2283 329 2349 Gallus
352 2283 449 2348 homo
472 2281 521 2347 e'st
536 2283 659 2348 stultus
675 2305 735 2347 nee
751 2305 785 2349 se
801 2283 892 2349 uidet
906 2305 976 2349 esse
991 2286 1158 2363 maritum,

249 2405 307 2484 qui
327 2409 466 2485 patruus
488 2403 597 2485 patrui
621 2411 782 2467 monstret
804 2403 1013 2468 adulterium.

144 2579 246 2586 --·-.—
445 2575 494 2584 ——n

212 2675 332 2728 LXXVII
351 2677 391 2728 sd
409 2675 501 2728 Rufum
522 2677 534 2744 ll
554 2679 564 2728 l
587 2675 659 2728 suus
680 2675 691 2742 ΙΙ
711 2679 727 2726 3
745 2675 853 2728 subrecti
873 2675 885 2742 ΙΙ
904 2676 921 2725 4
939 2674 965 2726 Si
977 2675 1017 2742 llll
1034 2683 1120 2742 psoius
1136 2674 1148 2741 ΙΙ

144 2761 276 2814 LXXVIII
293 2763 379 2814 7--10
397 2781 414 2814 o
431 2764 497 2814 uobis
512 2773 570 2828 post
587 2761 703 2812 LXXX
719 2765 735 2812 8
753 2761 870 2813 couloeori
885 2771 940 2812 suat

212 2981 333 3034 LXXVII
354 2985 364 3032 l
385 2982 464 3033 amice
483 2997 507 3034 ω
528 2981 631 3046 Heysius
649 2982 747 3047 cognite
765 2981 844 3032 amieo
862 2979 947 3030 oldiuo
964 3000 988 3030 o.
1001 2982 1069 3032 1616
1142 2981 1159 3030 2

143 3067 217 3117 immo
237 3065 281 3114 Lm
357 3068 374 3116 3
393 3065 526 3130 subrepsti,
545 3081 652 3130 meaque
671 3065 788 3116 intestina
805 3064 890 3114 oldiuo
908 3084 932 3116 o.
953 3064 1025 3115 1502
1093 3067 1110 3114 4
1130 3063 1159 3113 lli

143 3149 329 3200 Loolmomsus:
352 3149 379 3201 Si
405 3149 484 3200 VSio
503 3142 545 3226 βω
570 3147 731 3204 Rossbachius
749 3149 786 3200 Mi
805 3141 848 3225 βω
935 3147 1096 3198 Rossbachius
1114 3165 1159 3198 nou

141 3243 196 3300 poss
213 3235 286 3298 bons,
304 3233 348 3284 ssd
360 3245 416 3299 post
434 3236 516 3287 omnia
533 3233 696 3298 iuterroyosdi
710 3235 801 3300 siqnum
811 3234 898 3297 posuit.
920 3233 1053 3299 subrepsu,
1072 3249 1160 3298 meque

102 3346 110 3372 ι
142 3320 261 3372 intestina
282 3337 404 3386 perurens
426 3319 462 3371 Mi
485 3321 575 3372 misero
598 3319 727 3386 eripuisti?
755 3317 837 3368 omnis
859 3325 944 3368 uoslrs
966 3319 1031 3368 bons
1062 3316 1159 3367 Vossius

245 3422 294 3455 rum
315 3421 387 3454 sssrsu
413 3405 430 3456 6
452 3403 497 3455 duo
519 3403 622 3454 <ludria
646 3404 669 3452 io
692 3403 759 3452 libris
779 3411 837 3467 post
860 3399 1022 3452 LXXVIII
1043 3403 1060 3453 6
1080 3403 1160 3466 posius

144 3490 210 3554 (olim
223 3489 293 3555 uulpo
306 3499 429 3540 numerato
440 3487 527 3539 LXX
533 3487 603 3539 VIII
620 3487 714 3551 7-10)
733 3485 845 3552 Scoliper
862 3487 982 3537 coniunxit
998 3487 1034 3551 (ω
1046 3486 1091 3536 Lm
1108 3485 1159 3552 Hp.

144 3573 203 3639 Ro.)
221 3575 251 3638 d.
271 3572 306 3623 od
322 3571 482 3623 LXXVIII
497 3583 518 3622 or
536 3571 653 3622 LXXX
669 3573 685 3622 8

211 3673 342 3726 LXXVlIl
360 3673 389 3724 de
407 3675 514 3725 uersibus
535 3673 629 3724 7-10
647 3673 701 3724 olim
719 3673 791 3738 sculpo
810 3673 891 3736 (Hs.)
910 3673 1036 3724 osuiuaclis
1054 3691 1105 3724 cum
1122 3692 1160 3724 uu.

144 3759 213 3812 1-6
230 3759 260 3823 q*-
279 3755 381 3808 Statium
398 3769 422 3810 st
446 3758 552 3810 Vossium
571 3756 605 3809 od
621 3757 644 3809 l.
664 3758 680 3810 l.
699 3768 721 3807 et
738 3775 799 3821 quoa
817 3757 918 3808 diximus
935 3757 970 3808 od
986 3756 1161 3808 LXXV116

144 3851 166 3894 ol
183 3841 217 3894 od
234 3841 348 3893 LXXX
365 3843 381 3892 8

903 3941 958 3994 19*
