2954 4492
269 317 318 370 160
528 315 578 368 vn
612 317 660 370 DE
677 317 820 372 tumultu
838 317 1032 372 BPI'HYNIGO

265 481 479 549 Bobiensibns
499 506 531 573 p.
547 484 617 568 323,
638 485 681 569 2).
725 507 798 552 eum
820 507 897 552 uero
918 495 1082 573 praetores
1104 485 1158 574 qui
1181 485 1311 552 fuerant

266 623 349 666 anno
382 601 530 688 sequenti
558 600 590 666 in
619 602 801 689 prouincias
835 625 916 691 quas
947 601 1206 670 administrarent
1236 623 1312 689 pro-

264 717 364 784 ficisci
386 717 541 796 solerent,
564 717 752 785 Memmium
774 741 858 785 anno
880 719 995 798 697157
1018 718 1088 785 ueri
1108 719 1307 786 simillimum

264 844 313 900 est
333 834 532 923 prouinciam
553 835 829 902 administrauisse
850 861 858 902 z
880 859 976 924 quam
1003 835 1189 923 Bithyniam
1209 835 1310 902 hrisse

266 950 413 1019 Catullus
435 952 521 1019 solus
541 953 634 1028 nobis
655 953 798 1020 tradidit.
838 951 953 1020 iniuria
981 955 1065 1020 enim
1099 963 1134 1018 nt
1154 953 1215 1019 hoc
1235 975 1308 1042 pro-

260 1070 378 1135 barent
392 1068 557 1136 Gifanium
572 1070 724 1156 Pighium
747 1071 827 1136 alios
849 1070 891 1136 ad
906 1071 1126 1159 fragmentum
1150 1071 1305 1138 orationis

264 1185 306 1254 G.
339 1184 488 1254 Caesaris
520 1209 579 1274 pro
610 1186 760 1276 Bithynis
790 1188 953 1276 quoddam
982 1187 1212 1275 prouocauisse
1244 1187 1306 1277 ipsi

263 1302 347 1370 infra
368 1303 668 1371 demonstrabimus.

346 1419 412 1487 Sed
446 1422 625 1486 sententiae
656 1421 702 1488 illi
738 1422 779 1489 de
814 1420 965 1489 Memmio
1001 1443 1086 1488 anno
1120 1422 1237 1500 697157
1272 1423 1306 1488 in

261 1537 417 1626 Bithynia
444 1547 654 1626 propraetore
685 1561 749 1605 non
778 1539 886 1606 nullae
912 1561 964 1605 res
992 1541 1122 1606 obstare
1143 1539 1305 1606 uidentur.

262 1654 304 1720 sd
330 1655 460 1722 modum
488 1666 600 1722 notum
627 1664 677 1723 est
703 1677 851 1724 nummos
878 1679 943 1722 non
973 1678 1095 1745 paucos
1116 1656 1305 1742 Bithynicos

262 1795 429 1862 superesse
458 1772 492 1838 in
522 1773 639 1861 quibus
660 1772 789 1840 nomina
811 1783 1056 1862 propraetcrum
1078 1774 1129 1840 uel
1153 1795 1195 1840 ex
1215 1795 1306 1862 praa

261 1899 335 1958 tura
361 1889 589 1977 proconsulum
621 1889 841 1956 Romanorum
863 1891 955 1957 annis
975 1889 1092 1978 quibus
1113 1892 1237 1958 nummi
1258 1891 1305 1958 in·

261 2006 330 2074 cusi
358 2016 433 2073 sunt
463 2029 561 2097 saepe
592 2008 708 2074 additis
729 2009 890 2095 leguntur.
933 2009 989 2096 qui
1010 2008 1087 2076 anni
1108 2007 1150 2074 ah
1172 2010 1304 2096 epocha,

262 2147 359 2213 quam
380 2133 454 2212 post
474 2123 705 2192 diuersissimas
719 2126 862 2192 uirorum
877 2124 1043 2191 doctorum
1064 2127 1240 2192 sententias
1263 2129 1303 2194 ab

260 2239 420 2307 Bckhalio
450 2241 499 2324 (in
520 2240 666 2308 doctrina
686 2263 889 2308 nummorum
909 2252 1054 2308 ueterum
1078 2265 1098 2308 n
1123 2241 1199 2326 397)
1231 2263 1304 2308 con·

259 2359 358 2425 lectas
374 2356 630 2426 Sanclementius
643 2359 698 2444 (de
714 2358 845 2447 epochis
858 2361 1086 2427 numismatum
1101 2358 1302 2446 inperialium

258 2499 290 2564 p.
309 2475 372 2542 268
393 2486 426 2542 et
447 2477 671 2565 sequentibus)
692 2475 776 2542 inter
797 2475 1034 2565 aequinoctium
1055 2477 1241 2544 autumnale
1261 2478 1303 2544 ab

258 2595 339 2661 urbe
359 2593 490 2661 condita
510 2592 648 2672 4751279
676 2603 709 2658 et
730 2613 866 2659 uernum
886 2593 1125 2682 aequinoctium
1154 2592 1206 2658 uel
1226 2593 1303 2660 sols·

257 2709 365 2777 titium
387 2711 545 2778 aestiuum
566 2711 642 2777 anni
654 2709 792 2788 4761278
814 2709 964 2777 incidisse
984 2710 1163 2778 rectissimo
1185 2710 1302 2794 docuit,

257 2837 476 2916 conputantur
506 2838 605 2916 atque
637 2827 845 2895 descendunt.
898 2827 931 2893 in
961 2827 1011 2894 his
1038 2826 1177 2894 nummis
1206 2827 1302 2893 etiam

258 2953 333 3013 sunt
358 2947 390 3011 in
411 2945 528 3032 quibus
548 2967 664 3011 nomen
686 2945 729 3012 G.
752 2944 874 3033 Papirii
895 2944 1052 3012 Carbonis
1074 2943 1165 3010 annis
1185 2944 1249 3010 222
1270 2955 1302 3012 et

256 3063 319 3126 224
341 3061 457 3128 additis
479 3070 640 3150 conparet,
663 3084 745 3150 quos
761 3083 862 3128 annos
877 3062 904 3126 si
919 3061 960 3128 ad
975 3063 1117 3150 epochae
1137 3062 1301 3130 cardinem

257 3178 396 3254 4751279
412 3179 582 3262 rettuleris,
604 3179 680 3246 anni
701 3181 742 3246 ab
764 3180 847 3245 urbe
860 3179 991 3246 condita
1005 3179 1120 3258 697157
1136 3189 1170 3246 et
1182 3177 1301 3257 699155

257 3297 449 3364 efficiuntur.
501 3297 550 3362 sin
581 3307 688 3363 autem
717 3296 760 3362 G.
789 3293 937 3384 Papirius
967 3295 1075 3364 Carbo
1105 3295 1162 3382 [cf.
1195 3293 1301 3363 Gassii

256 3413 372 3480 Dionis
393 3436 495 3480 xxxvi
517 3413 572 3498 23)
593 3413 780 3502 Bithyniam
801 3413 998 3501 prouinciam
1020 3412 1111 3480 annis
1129 3411 1246 3492 697157
1268 3422 1301 3479 et

256 3529 383 3596 duobus
403 3530 612 3618 sequentihus
633 3529 728 3612 rexit,
749 3551 814 3618 quo
835 3529 932 3595 modo
955 3529 1068 3596 eodem
1082 3551 1167 3596 anno
1182 3529 1298 3606 697157

256 3645 430 3713 Memmius
468 3645 553 3712 illius
592 3645 778 3734 prouinciae
817 3667 948 3735 praeses
983 3669 1054 3714 ease
1088 3645 1224 3736 potnit?
1266 3657 1300 3714 at

256 3772 365 3830 tamen
387 3786 428 3830 ex
443 3761 492 3828 his
507 3761 750 3832 difficultatibus
771 3764 866 3830 facile
879 3784 938 3828 nos
952 3763 1105 3853 expedire
1119 3785 1298 3852 possumus.

256 3902 364 3948 nonne
385 3881 488 3963 enim,
507 3881 659 3967 quoniam
682 3877 937 3947 Sanelementius
958 3881 1000 3946 ad
1022 3904 1141 3949 annum
1160 3881 1298 3960 4761278
