2920 4492
260 335 294 384 ts
407 332 435 384 11
467 332 516 386 DE
535 331 640 387 ANNIS
657 331 792 386 nunaut
807 333 856 386 ΕΤ
871 333 1007 386 rursu
1023 331 1176 386 ΟΔΤΠιΙιῙ

260 497 490 566 Fortunatiani
525 499 767 584 demonstrent,
802 501 836 566 in
870 499 977 566 animo
1011 499 1164 568 habuisse
1196 525 1205 567 t
1234 501 1311 568 narn

263 613 384 682 locutio
415 637 475 704 per
505 617 705 682 consulatum
736 598 863 684 iurandi
887 605 927 682 a'
939 617 1067 704 uulgari
1095 617 1222 684 dicendi
1249 641 1312 684 usu

263 732 344 800 adeo
359 731 481 800 recedit
500 743 535 799 ut
550 734 796 820 grammaticum
816 734 901 802 ultro
923 735 956 799 in
977 755 1049 800 eum
1070 734 1221 801 incidisse
1241 757 1312 824 per·

263 849 448 937 negandum
481 851 533 916 sit.
576 851 715 939 denique
745 852 773 917 si
802 851 970 940 quaeritur
1000 871 1065 938 quo
1095 852 1192 918 modo
1224 861 1312 920 totus

262 967 356 1034 locus
377 967 577 1056 supplendus
597 977 630 1034 et
650 967 870 1034 emendandus
897 969 952 1050 sit,
986 967 1205 1053 scholiastam,
1237 991 1311 1036 cum

228 1129 232 1138 ι
265 1083 305 1149 ed
329 1087 429 1152 uerba
450 1083 643 1151 Vatinianae
662 1084 719 1150 illa
740 1086 776 1168 (5
798 1085 851 1171 11)
872 1085 989 1172 quibus
1010 1084 1171 1168 Vatinius,
1200 1107 1313 1175 quaes·

262 1211 355 1267 turae
376 1199 584 1284 candidatus,
611 1203 651 1268 de
671 1201 773 1268 sltero
795 1202 962 1268 consulatu
983 1202 1128 1290 gerendo
1150 1204 1312 1290 cogitasse

260 1317 400 1384 traditur
419 1319 625 1405 respexisset,
646 1319 692 1385 ita
711 1319 780 1385 fere
802 1320 877 1386 olim
899 1319 1068 1408 scripsisse
1089 1319 1280 1387 crediderim
1301 1345 1310 1386 r

259 1435 479 1521 monasticam
521 1437 641 1502 Vastis·
672 1449 700 1502 et
729 1459 828 1522 paens
859 1435 1012 1522 fmioscm
1042 1436 1308 1518 (manebam

260 1551 334 1618 ds'cit
354 1551 403 1618 M.
431 1552 566 1636 Titllr'ua,
596 1577 661 1640 qrsc
686 1553 735 1618 la'c
758 1577 815 1639 per
840 1554 991 1637 alterum)
1013 1557 1203 1621 muctam
1222 1555 1310 1622 turc

258 1673 340 1750 uerit,
362 1669 421 1755 qta'
437 1668 498 1750 (an
519 1675 590 1756 quse
604 1674 639 1754 Ρ)
655 1671 789 1756 preinum
810 1671 873 1736 sibi
891 1673 1046 1756 moliyeret
1066 1683 1183 1756 optare.

342 1784 483 1852 Tantum
504 1786 604 1873 igitur
626 1789 718 1852 abest
738 1797 774 1853 ut
794 1786 837 1854 ed
857 1788 955 1854 linem
975 1807 1079 1875 nsque
1100 1790 1177 1855 anni
1192 1787 1307 1866 707147

260 1900 423 1970 Camillum
452 1902 574 1970 uixisse
601 1903 752 1968 carminis
774 1923 817 1970 nn
848 1925 963 1970 caussa
993 1905 1087 1972 nobis
1116 1905 1309 1972 sumendum

259 2019 316 2102 sit,
347 2030 385 2087 ut
413 2019 446 2085 id
477 2018 566 2109 quod
597 2040 695 2107 supra
723 2021 837 2086 ceteris
868 2021 1065 2088 carminibus
1096 2020 1308 2088 consideretis

259 2135 400 2204 diximus
420 2138 453 2203 iu
476 2136 596 2204 Catulli
617 2137 701 2202 libro
721 2137 801 2204 nibil
823 2147 898 2225 post
918 2160 1037 2204 annum
1054 2139 1170 2216 700154
1184 2139 1308 2204 fectum

259 2254 520 2338 commemorari,
568 2255 710 2320 carmine
750 2265 861 2321 nostro
904 2254 1076 2341 diligenter
1123 2255 1308 2321 examinato

258 2371 390 2438 minime
410 2371 634 2458 redarguatur.
658 2372 715 2436 sed
736 2393 822 2438 noua
841 2374 934 2438 nobis
949 2372 1096 2458 quaestio
1110 2371 1308 2438 instituenda

258 2499 317 2556 est.
359 2491 525 2576 quaeritur
547 2489 632 2554 enirn
653 2490 782 2554 cuinam
803 2510 888 2554 enno
909 2487 975 2554 iam
995 2511 1125 2556 carmen
1146 2509 1190 2556 un
1212 2487 1308 2554 eseri-

258 2578 418 2676 bendum‘
431 2608 483 2673 sit.
526 2628 600 2672 cum
622 2608 763 2672 carmine
785 2616 946 2695 quotquot
967 2605 1114 2673 Catullus
1136 2606 1168 2671 in
1191 2604 1310 2673 (iassa-

257 2747 326 2791 rem
359 2737 392 2791 et
423 2723 637 2792 Caesarianos
669 2725 818 2812 scripsit,
862 2725 947 2790 intra
976 2723 1139 2790 biennium
1171 2723 1259 2810 quod
1289 2745 1310 2788 a

258 2842 365 2910 medio
386 2843 455 2910 fere
476 2865 560 2908 anno
581 2843 699 2920 698156
720 2843 761 2908 ad
784 2863 904 2908 annum
933 2840 1050 2919 700154
1072 2839 1213 2906 medium
1236 2839 1308 2922 fuit,

258 2959 437 3048 scripserit,
470 2981 536 3047 qua
564 2960 606 3027 de
632 2982 668 3026 re
695 2959 728 3026 in
756 2959 861 3048 capite
883 2979 969 3024 nono
993 2956 1178 3024 adcuratius
1202 2957 1308 3045 dispu-

257 3077 407 3161 tabimus,
429 3078 577 3144 conicere
599 3076 673 3144 lieet
688 3097 816 3142 carmen
835 3097 890 3158 nu,
912 3097 976 3164 quo
999 3075 1080 3142 duos
1095 3072 1308 3142 Caesarianos

258 3195 375 3262 acerbe
405 3193 613 3281 perstrinxit,
649 3193 733 3260 intre
762 3193 848 3260 idem
877 3202 1005 3281 tempus
1033 3201 1164 3280 poetam
1191 3211 1308 3280 ccnpe

256 3311 368 3376 subse.
411 3310 463 3376 oni
484 3311 664 3377 sententiae
685 3310 925 3392 Mommsenus,
957 3332 1054 3398 quem
1083 3308 1308 3396 Iungolausse·

257 3449 319 3494 nus
333 3429 487 3516 sequitur,
512 3437 645 3494 eatenus
666 3429 858 3516 astipulatus
881 3437 930 3494 est
952 3437 988 3492 nt
1009 3449 1138 3492 carmen
1160 3436 1307 3492 nostrum

258 3565 342 3610 anno
365 3544 482 3622 700154
502 3543 680 3612 ascriberet
704 3545 823 3633 partim
854 3565 893 3610 eo
922 3552 1029 3610 motus
1051 3541 1138 3631 quod
1160 3541 1309 3610 Catullus

257 3662 320 3727 hoo
341 3682 426 3728 enno
447 3660 566 3729 librum
587 3683 679 3728 suum
708 3661 878 3740 edidisset,
913 3661 1028 3749 partim
1060 3681 1098 3726 eo
1128 3659 1216 3747 quod
1243 3659 1308 3724 iam

257 3791 327 3848 turn
349 3799 454 3867 neque
474 3801 559 3846 anno
581 3778 710 3844 demum
732 3777 847 3855 707147
870 3777 1037 3859 Vatinius,
1070 3775 1161 3843 cuius
1190 3797 1309 3842 nomeu

259 3919 278 3962 a
298 3893 477 3962 triumuiris
497 3916 609 3962 mense
629 3895 735 3981 Aprili
756 3895 832 3961 anni
846 3893 966 3970 098106
977 3893 1102 3961 Lucam
1123 3889 1307 3980 congressis
