<?xml version="1.0" encoding="UTF-8"?>
<!DOCTYPE html PUBLIC "-//W3C//DTD XHTML 1.0 Transitional//EN"
    "http://www.w3.org/TR/xhtml1/DTD/xhtml1-transitional.dtd">
<html xmlns="http://www.w3.org/1999/xhtml" xml:lang="en" lang="en">
 <head>
  <title>
</title>
<meta http-equiv="Content-Type" content="text/html;charset=utf-8" />
  <meta name='ocr-system' content='tesseract 3.04.00' />
  <meta name='ocr-capabilities' content='ocr_page ocr_carea ocr_par ocr_line ocrx_word'/>
</head>
<body>
  <div class='ocr_page' id='page_1' title='image "./gvalericatvllil00schwgoog_0209.png"; bbox 0 0 2970 4484; ppageno 0'>
   <div class='ocr_carea' id='block_1_1' title="bbox 320 309 1161 366">
    <p class='ocr_par' dir='ltr' id='par_1_1' title="bbox 320 309 1161 366">
     <span class='ocr_line' id='line_1_1' title="bbox 320 309 1161 366; baseline 0 -2"><span class='ocrx_word' id='word_1_1' title='bbox 320 316 368 366; x_wconf 80' lang='grc'><strong>196</strong></span> <span class='ocrx_word' id='word_1_2' title='bbox 518 311 596 363; x_wconf 75' lang='lat' dir='ltr'><strong>vult</strong></span> <span class='ocrx_word' id='word_1_3' title='bbox 630 311 678 364; x_wconf 77' lang='lat' dir='ltr'><strong>DE</strong></span> <span class='ocrx_word' id='word_1_4' title='bbox 695 311 851 365; x_wconf 74' lang='lat' dir='ltr'>CAESARE</span> <span class='ocrx_word' id='word_1_5' title='bbox 869 309 1161 364; x_wconf 65' lang='lat' dir='ltr'><strong>ercammarus</strong></span> 
     </span>
    </p>
   </div>
   <div class='ocr_carea' id='block_1_2' title="bbox 317 477 1467 568">
    <p class='ocr_par' dir='ltr' id='par_1_2' title="bbox 317 477 1467 568">
     <span class='ocr_line' id='line_1_2' title="bbox 317 477 1467 568; baseline -0.001 -22"><span class='ocrx_word' id='word_1_6' title='bbox 317 489 350 546; x_wconf 86' lang='lat' dir='ltr'><strong>st</strong></span> <span class='ocrx_word' id='word_1_7' title='bbox 380 501 519 568; x_wconf 89' lang='lat' dir='ltr'><strong>sequens</strong></span> <span class='ocrx_word' id='word_1_8' title='bbox 545 499 674 543; x_wconf 86' lang='lat' dir='ltr'><strong>carmen</strong></span> <span class='ocrx_word' id='word_1_9' title='bbox 705 477 910 544; x_wconf 74' lang='lat' dir='ltr'><strong>interstitium</strong></span> <span class='ocrx_word' id='word_1_10' title='bbox 941 478 1064 544; x_wconf 86' lang='lat' dir='ltr'><strong>nullum</strong></span> <span class='ocrx_word' id='word_1_11' title='bbox 1096 477 1245 542; x_wconf 88' lang='lat' dir='ltr'><strong>relictum</strong></span> <span class='ocrx_word' id='word_1_12' title='bbox 1268 478 1371 560; x_wconf 85' lang='lat' dir='ltr'><strong>erat),</strong></span> <span class='ocrx_word' id='word_1_13' title='bbox 1466 479 1467 506; x_wconf 81' lang='lat'>³</span> 
     </span>
    </p>
   </div>
   <div class='ocr_carea' id='block_1_3' title="bbox 317 593 1371 684">
    <p class='ocr_par' dir='ltr' id='par_1_3' title="bbox 317 593 1371 684">
     <span class='ocr_line' id='line_1_3' title="bbox 317 593 1371 684; baseline -0.005 -20"><span class='ocrx_word' id='word_1_14' title='bbox 317 597 402 664; x_wconf 90' lang='lat' dir='ltr'><strong>unde</strong></span> <span class='ocrx_word' id='word_1_15' title='bbox 428 596 463 662; x_wconf 90' lang='lat' dir='ltr'><strong>in</strong></span> <span class='ocrx_word' id='word_1_16' title='bbox 494 596 641 662; x_wconf 90' lang='lat' dir='ltr'><strong>omnibus</strong></span> <span class='ocrx_word' id='word_1_17' title='bbox 671 595 761 662; x_wconf 88' lang='lat' dir='ltr'><strong>libris</strong></span> <span class='ocrx_word' id='word_1_18' title='bbox 788 596 895 684; x_wconf 90' lang='lat' dir='ltr'><strong>inepte</strong></span> <span class='ocrx_word' id='word_1_19' title='bbox 923 605 997 663; x_wconf 82' lang='lat' dir='ltr'><strong>ante</strong></span> <span class='ocrx_word' id='word_1_20' title='bbox 1023 595 1171 662; x_wconf 84' lang='lat' dir='ltr'><strong>ultimum</strong></span> <span class='ocrx_word' id='word_1_21' title='bbox 1193 593 1371 660; x_wconf 76' lang='lat' dir='ltr'><strong>distichum</strong></span> 
     </span>
    </p>
   </div>
   <div class='ocr_carea' id='block_1_4' title="bbox 318 712 1467 801">
    <p class='ocr_par' dir='ltr' id='par_1_4' title="bbox 318 712 1467 801">
     <span class='ocr_line' id='line_1_4' title="bbox 318 712 1467 801; baseline -0.002 -21"><span class='ocrx_word' id='word_1_22' title='bbox 318 716 440 780; x_wconf 87' lang='lat' dir='ltr'><strong>inserta</strong></span> <span class='ocrx_word' id='word_1_23' title='bbox 461 724 544 780; x_wconf 86' lang='lat' dir='ltr'><strong>sunt</strong></span> <span class='ocrx_word' id='word_1_24' title='bbox 586 712 664 780; x_wconf 92' lang='lat' dir='ltr'><strong>item</strong></span> <span class='ocrx_word' id='word_1_25' title='bbox 687 733 743 780; x_wconf 81' lang='lat' dir='ltr'><strong>Lm</strong></span> <span class='ocrx_word' id='word_1_26' title='bbox 767 714 827 779; x_wconf 85' lang='lat'><strong>123</strong></span> <span class='ocrx_word' id='word_1_27' title='bbox 853 736 912 780; x_wconf 90' lang='lat' dir='ltr'><strong>suo</strong></span> <span class='ocrx_word' id='word_1_28' title='bbox 939 714 1011 779; x_wconf 89' lang='lat' dir='ltr'><strong>loco</strong></span> <span class='ocrx_word' id='word_1_29' title='bbox 1033 713 1142 779; x_wconf 91' lang='lat' dir='ltr'><strong>nescio</strong></span> <span class='ocrx_word' id='word_1_30' title='bbox 1164 733 1230 801; x_wconf 87' lang='lat' dir='ltr'><strong>qna</strong></span> <span class='ocrx_word' id='word_1_31' title='bbox 1250 733 1371 778; x_wconf 88' lang='lat' dir='ltr'><strong>caussa</strong></span> <span class='ocrx_word' id='word_1_32' title='bbox 1466 731 1467 746; x_wconf 36' lang='lat' dir='ltr'><strong>t</strong></span> 
     </span>
    </p>
   </div>
   <div class='ocr_carea' id='block_1_5' title="bbox 315 828 1372 2208">
    <p class='ocr_par' dir='ltr' id='par_1_5' title="bbox 315 828 1372 2208">
     <span class='ocr_line' id='line_1_5' title="bbox 317 828 1371 918; baseline -0.002 -22"><span class='ocrx_word' id='word_1_33' title='bbox 317 831 452 898; x_wconf 90' lang='lat' dir='ltr'><strong>omissus</strong></span> <span class='ocrx_word' id='word_1_34' title='bbox 482 832 515 895; x_wconf 91' lang='lat' dir='ltr'><strong>in</strong></span> <span class='ocrx_word' id='word_1_35' title='bbox 544 831 691 897; x_wconf 88' lang='lat' dir='ltr'><strong>omnibus</strong></span> <span class='ocrx_word' id='word_1_36' title='bbox 720 829 810 897; x_wconf 90' lang='lat' dir='ltr'><strong>libris</strong></span> <span class='ocrx_word' id='word_1_37' title='bbox 838 839 913 918; x_wconf 91' lang='lat' dir='ltr'><strong>post</strong></span> <span class='ocrx_word' id='word_1_38' title='bbox 943 831 1041 896; x_wconf 91' lang='lat' dir='ltr'><strong>finem</strong></span> <span class='ocrx_word' id='word_1_39' title='bbox 1068 829 1217 918; x_wconf 72' lang='lat' dir='ltr'>strophae</span> <span class='ocrx_word' id='word_1_40' title='bbox 1238 828 1371 896; x_wconf 88' lang='lat' dir='ltr'><strong>additus</strong></span> 
     </span>
     <span class='ocr_line' id='line_1_6' title="bbox 316 945 1372 1034; baseline -0.004 -20"><span class='ocrx_word' id='word_1_41' title='bbox 316 959 375 1015; x_wconf 84' lang='lat' dir='ltr'><strong>est</strong></span> <span class='ocrx_word' id='word_1_42' title='bbox 417 951 495 1016; x_wconf 87' lang='lat' dir='ltr'><strong>item</strong></span> <span class='ocrx_word' id='word_1_43' title='bbox 528 947 670 1014; x_wconf 88' lang='lat' dir='ltr'><strong>eiusdem</strong></span> <span class='ocrx_word' id='word_1_44' title='bbox 702 947 851 1013; x_wconf 74' lang='lat' dir='ltr'><strong>carminis</strong></span> <span class='ocrx_word' id='word_1_45' title='bbox 882 969 996 1014; x_wconf 88' lang='lat' dir='ltr'><strong>uersus</strong></span> <span class='ocrx_word' id='word_1_46' title='bbox 1030 945 1207 1012; x_wconf 77' lang='lat'>196-200</span> <span class='ocrx_word' id='word_1_47' title='bbox 1232 955 1372 1034; x_wconf 85' lang='lat' dir='ltr'><strong>propter</strong></span> 
     </span>
     <span class='ocr_line' id='line_1_7' title="bbox 316 1062 1370 1153; baseline -0.004 -21"><span class='ocrx_word' id='word_1_48' title='bbox 316 1065 450 1132; x_wconf 76' lang='lat' dir='ltr'><strong>similem</strong></span> <span class='ocrx_word' id='word_1_49' title='bbox 483 1087 635 1131; x_wconf 90' lang='lat' dir='ltr'><strong>uersuum</strong></span> <span class='ocrx_word' id='word_1_50' title='bbox 667 1065 730 1130; x_wconf 79' lang='lat'><strong>200</strong></span> <span class='ocrx_word' id='word_1_51' title='bbox 762 1073 795 1130; x_wconf 89' lang='lat' dir='ltr'><strong>ct</strong></span> <span class='ocrx_word' id='word_1_52' title='bbox 825 1065 885 1129; x_wconf 78' lang='lat'><strong>201</strong></span> <span class='ocrx_word' id='word_1_53' title='bbox 919 1065 1042 1131; x_wconf 88' lang='lat' dir='ltr'><strong>exitum</strong></span> <span class='ocrx_word' id='word_1_54' title='bbox 1075 1062 1163 1153; x_wconf 89' lang='lat' dir='ltr'><strong>prius</strong></span> <span class='ocrx_word' id='word_1_55' title='bbox 1196 1063 1370 1150; x_wconf 79' lang='lat' dir='ltr'><strong>intercepti</strong></span> 
     </span>
     <span class='ocr_line' id='line_1_8' title="bbox 315 1178 1370 1271; baseline -0.004 -23"><span class='ocrx_word' id='word_1_56' title='bbox 315 1191 429 1270; x_wconf 89' lang='lat' dir='ltr'><strong>postea</strong></span> <span class='ocrx_word' id='word_1_57' title='bbox 449 1191 523 1271; x_wconf 90' lang='lat' dir='ltr'><strong>post</strong></span> <span class='ocrx_word' id='word_1_58' title='bbox 543 1181 706 1268; x_wconf 86' lang='lat' dir='ltr'><strong>stropham</strong></span> <span class='ocrx_word' id='word_1_59' title='bbox 729 1190 916 1268; x_wconf 88' lang='lat' dir='ltr'><strong>sequentem</strong></span> <span class='ocrx_word' id='word_1_60' title='bbox 935 1182 968 1246; x_wconf 91' lang='lat' dir='ltr'><strong>in</strong></span> <span class='ocrx_word' id='word_1_61' title='bbox 984 1181 1132 1247; x_wconf 88' lang='lat' dir='ltr'><strong>omnibus</strong></span> <span class='ocrx_word' id='word_1_62' title='bbox 1148 1179 1238 1245; x_wconf 91' lang='lat' dir='ltr'><strong>libris</strong></span> <span class='ocrx_word' id='word_1_63' title='bbox 1253 1178 1370 1268; x_wconf 90' lang='lat' dir='ltr'><strong>scripti</strong></span> 
     </span>
     <span class='ocr_line' id='line_1_9' title="bbox 316 1297 1370 1384; baseline -0.004 -20"><span class='ocrx_word' id='word_1_64' title='bbox 316 1307 400 1366; x_wconf 90' lang='lat' dir='ltr'><strong>suut.</strong></span> <span class='ocrx_word' id='word_1_65' title='bbox 454 1298 593 1384; x_wconf 87' lang='lat' dir='ltr'><strong>denique</strong></span> <span class='ocrx_word' id='word_1_66' title='bbox 623 1297 738 1364; x_wconf 88' lang='lat' dir='ltr'><strong>similia</strong></span> <span class='ocrx_word' id='word_1_67' title='bbox 767 1297 808 1363; x_wconf 90' lang='lat' dir='ltr'><strong>de</strong></span> <span class='ocrx_word' id='word_1_68' title='bbox 836 1297 1010 1363; x_wconf 71' lang='lat' dir='ltr'><strong>notissimis</strong></span> <span class='ocrx_word' id='word_1_69' title='bbox 1041 1298 1106 1364; x_wconf 87' lang='lat' dir='ltr'><strong>illis</strong></span> <span class='ocrx_word' id='word_1_70' title='bbox 1137 1297 1287 1363; x_wconf 75' lang='lat' dir='ltr'><strong>carminis</strong></span> <span class='ocrx_word' id='word_1_71' title='bbox 1322 1315 1370 1362; x_wconf 72' lang='grc' dir='ltr'><strong>ιν</strong></span> 
     </span>
     <span class='ocr_line' id='line_1_10' title="bbox 316 1413 1371 1501; baseline -0.001 -21"><span class='ocrx_word' id='word_1_72' title='bbox 316 1414 463 1480; x_wconf 89' lang='lat' dir='ltr'><strong>uersibus</strong></span> <span class='ocrx_word' id='word_1_73' title='bbox 491 1413 603 1480; x_wconf 88' lang='lat' dir='ltr'><strong>decem</strong></span> <span class='ocrx_word' id='word_1_74' title='bbox 632 1413 703 1479; x_wconf 89' lang='lat' dir='ltr'><strong>loco</strong></span> <span class='ocrx_word' id='word_1_75' title='bbox 733 1433 792 1478; x_wconf 89' lang='lat' dir='ltr'><strong>suo</strong></span> <span class='ocrx_word' id='word_1_76' title='bbox 825 1413 951 1480; x_wconf 89' lang='lat' dir='ltr'><strong>omissis</strong></span> <span class='ocrx_word' id='word_1_77' title='bbox 982 1414 1153 1480; x_wconf 85' lang='lat' dir='ltr'><strong>statuenda</strong></span> <span class='ocrx_word' id='word_1_78' title='bbox 1182 1423 1267 1480; x_wconf 90' lang='lat' dir='ltr'><strong>sunt.</strong></span> <span class='ocrx_word' id='word_1_79' title='bbox 1311 1413 1371 1501; x_wconf 91' lang='lat' dir='ltr'><strong>qui</strong></span> 
     </span>
     <span class='ocr_line' id='line_1_11' title="bbox 316 1530 1370 1618; baseline -0.002 -20"><span class='ocrx_word' id='word_1_80' title='bbox 316 1554 374 1598; x_wconf 88' lang='lat' dir='ltr'><strong>cur</strong></span> <span class='ocrx_word' id='word_1_81' title='bbox 395 1531 503 1598; x_wconf 90' lang='lat' dir='ltr'><strong>omissi</strong></span> <span class='ocrx_word' id='word_1_82' title='bbox 524 1541 557 1596; x_wconf 90' lang='lat' dir='ltr'><strong>et</strong></span> <span class='ocrx_word' id='word_1_83' title='bbox 578 1553 635 1596; x_wconf 88' lang='lat' dir='ltr'><strong>cur</strong></span> <span class='ocrx_word' id='word_1_84' title='bbox 656 1531 690 1596; x_wconf 88' lang='lat' dir='ltr'><strong>iu</strong></span> <span class='ocrx_word' id='word_1_85' title='bbox 711 1552 784 1596; x_wconf 86' lang='lat' dir='ltr'><strong>enm</strong></span> <span class='ocrx_word' id='word_1_86' title='bbox 804 1531 1007 1616; x_wconf 84' lang='lat' dir='ltr'><strong>potissimum</strong></span> <span class='ocrx_word' id='word_1_87' title='bbox 1028 1553 1092 1618; x_wconf 92' lang='lat' dir='ltr'><strong>quo</strong></span> <span class='ocrx_word' id='word_1_88' title='bbox 1114 1553 1199 1596; x_wconf 88' lang='lat' dir='ltr'><strong>nunc</strong></span> <span class='ocrx_word' id='word_1_89' title='bbox 1219 1531 1253 1596; x_wconf 88' lang='lat' dir='ltr'><strong>in</strong></span> <span class='ocrx_word' id='word_1_90' title='bbox 1274 1530 1370 1598; x_wconf 87' lang='lat' dir='ltr'><strong>libris</strong></span> 
     </span>
     <span class='ocr_line' id='line_1_12' title="bbox 315 1647 1369 1736; baseline -0.003 -21"><span class='ocrx_word' id='word_1_91' title='bbox 315 1651 468 1736; x_wconf 79' lang='lat' dir='ltr'><strong>leguntur</strong></span> <span class='ocrx_word' id='word_1_92' title='bbox 487 1649 595 1714; x_wconf 89' lang='lat' dir='ltr'><strong>locum</strong></span> <span class='ocrx_word' id='word_1_93' title='bbox 617 1649 659 1714; x_wconf 92' lang='lat' dir='ltr'><strong>ab</strong></span> <span class='ocrx_word' id='word_1_94' title='bbox 680 1648 847 1736; x_wconf 70' lang='lat' dir='ltr'><strong>archetypi</strong></span> <span class='ocrx_word' id='word_1_95' title='bbox 862 1647 968 1714; x_wconf 88' lang='lat' dir='ltr'><strong>scriba</strong></span> <span class='ocrx_word' id='word_1_96' title='bbox 989 1649 1086 1736; x_wconf 87' lang='lat' dir='ltr'><strong>positi</strong></span> <span class='ocrx_word' id='word_1_97' title='bbox 1107 1649 1172 1714; x_wconf 88' lang='lat' dir='ltr'><strong>sint</strong></span> <span class='ocrx_word' id='word_1_98' title='bbox 1193 1648 1369 1736; x_wconf 86' lang='lat' dir='ltr'><strong>probabili,</strong></span> 
     </span>
     <span class='ocr_line' id='line_1_13' title="bbox 317 1764 1371 1854; baseline -0.002 -21"><span class='ocrx_word' id='word_1_99' title='bbox 317 1767 349 1834; x_wconf 92' lang='lat' dir='ltr'><strong>ni</strong></span> <span class='ocrx_word' id='word_1_100' title='bbox 370 1767 476 1850; x_wconf 85' lang='lat' dir='ltr'><strong>fallor,</strong></span> <span class='ocrx_word' id='word_1_101' title='bbox 504 1765 689 1833; x_wconf 88' lang='lat' dir='ltr'><strong>coniectura</strong></span> <span class='ocrx_word' id='word_1_102' title='bbox 710 1764 846 1853; x_wconf 75' lang='lat' dir='ltr'><strong>adsequi</strong></span> <span class='ocrx_word' id='word_1_103' title='bbox 874 1787 1052 1854; x_wconf 87' lang='lat' dir='ltr'><strong>possumus.</strong></span> <span class='ocrx_word' id='word_1_104' title='bbox 1094 1764 1259 1833; x_wconf 83' lang='lat' dir='ltr'><strong>Catullum</strong></span> <span class='ocrx_word' id='word_1_105' title='bbox 1281 1765 1371 1832; x_wconf 90' lang='lat' dir='ltr'><strong>enim</strong></span> 
     </span>
     <span class='ocr_line' id='line_1_14' title="bbox 316 1882 1370 1951; baseline -0.001 -1"><span class='ocrx_word' id='word_1_106' title='bbox 316 1883 497 1950; x_wconf 87' lang='lat' dir='ltr'><strong>censuerim</strong></span> <span class='ocrx_word' id='word_1_107' title='bbox 524 1904 637 1949; x_wconf 89' lang='lat' dir='ltr'><strong>uersus</strong></span> <span class='ocrx_word' id='word_1_108' title='bbox 666 1882 816 1949; x_wconf 83' lang='lat' dir='ltr'><strong>carminis</strong></span> <span class='ocrx_word' id='word_1_109' title='bbox 843 1882 887 1950; x_wconf 88' lang='lat' dir='ltr'><strong>ita</strong></span> <span class='ocrx_word' id='word_1_110' title='bbox 912 1883 1111 1951; x_wconf 87' lang='lat' dir='ltr'><strong>ordinauisss</strong></span> <span class='ocrx_word' id='word_1_111' title='bbox 1133 1896 1169 1950; x_wconf 90' lang='lat' dir='ltr'><strong>ut</strong></span> <span class='ocrx_word' id='word_1_112' title='bbox 1189 1886 1300 1951; x_wconf 88' lang='lat' dir='ltr'><strong>decem</strong></span> <span class='ocrx_word' id='word_1_113' title='bbox 1323 1883 1370 1950; x_wconf 84' lang='lat' dir='ltr'><strong>illi</strong></span> 
     </span>
     <span class='ocr_line' id='line_1_15' title="bbox 316 2001 1369 2090; baseline 0.001 -23"><span class='ocrx_word' id='word_1_114' title='bbox 316 2023 429 2068; x_wconf 90' lang='lat' dir='ltr'><strong>uersus</strong></span> <span class='ocrx_word' id='word_1_115' title='bbox 450 2021 556 2090; x_wconf 88' lang='lat' dir='ltr'><strong>neque</strong></span> <span class='ocrx_word' id='word_1_116' title='bbox 577 2009 650 2088; x_wconf 90' lang='lat' dir='ltr'><strong>post</strong></span> <span class='ocrx_word' id='word_1_117' title='bbox 669 2021 799 2065; x_wconf 89' lang='lat' dir='ltr'><strong>uersum</strong></span> <span class='ocrx_word' id='word_1_118' title='bbox 816 2001 855 2065; x_wconf 82' lang='lat'><strong>12</strong></span> <span class='ocrx_word' id='word_1_119' title='bbox 868 2022 973 2088; x_wconf 88' lang='lat' dir='ltr'><strong>neque</strong></span> <span class='ocrx_word' id='word_1_120' title='bbox 987 2009 1061 2088; x_wconf 83' lang='lat' dir='ltr'><strong>post</strong></span> <span class='ocrx_word' id='word_1_121' title='bbox 1077 2001 1126 2084; x_wconf 80' lang='lat'><strong>13,</strong></span> <span class='ocrx_word' id='word_1_122' title='bbox 1148 2023 1232 2089; x_wconf 91' lang='lat' dir='ltr'><strong>quae</strong></span> <span class='ocrx_word' id='word_1_123' title='bbox 1247 2001 1369 2068; x_wconf 85' lang='lat' dir='ltr'><strong>Mureti</strong></span> 
     </span>
     <span class='ocr_line' id='line_1_16' title="bbox 316 2116 1368 2208; baseline 0 -24"><span class='ocrx_word' id='word_1_124' title='bbox 316 2131 351 2186; x_wconf 94' lang='lat' dir='ltr'><strong>et</strong></span> <span class='ocrx_word' id='word_1_125' title='bbox 370 2116 571 2184; x_wconf 85' lang='lat' dir='ltr'><strong>Lachmanni</strong></span> <span class='ocrx_word' id='word_1_126' title='bbox 601 2117 779 2184; x_wconf 87' lang='lat' dir='ltr'><strong>sententiae</strong></span> <span class='ocrx_word' id='word_1_127' title='bbox 801 2127 908 2200; x_wconf 87' lang='lat' dir='ltr'><strong>eraut,</strong></span> <span class='ocrx_word' id='word_1_128' title='bbox 938 2117 992 2184; x_wconf 89' lang='lat' dir='ltr'><strong>sed</strong></span> <span class='ocrx_word' id='word_1_129' title='bbox 1021 2127 1095 2205; x_wconf 85' lang='lat' dir='ltr'><strong>post</strong></span> <span class='ocrx_word' id='word_1_130' title='bbox 1120 2141 1248 2184; x_wconf 88' lang='lat' dir='ltr'><strong>uersum</strong></span> <span class='ocrx_word' id='word_1_131' title='bbox 1273 2141 1368 2208; x_wconf 87' lang='lat' dir='ltr'><strong>quar·</strong></span> 
     </span>
    </p>
   </div>
   <div class='ocr_carea' id='block_1_6' title="bbox 316 2235 1467 2326">
    <p class='ocr_par' dir='ltr' id='par_1_6' title="bbox 316 2235 1467 2326">
     <span class='ocr_line' id='line_1_17' title="bbox 316 2235 1467 2326; baseline 0.001 -25"><span class='ocrx_word' id='word_1_132' title='bbox 316 2247 385 2303; x_wconf 87' lang='lat' dir='ltr'><strong>tum</strong></span> <span class='ocrx_word' id='word_1_133' title='bbox 414 2235 573 2302; x_wconf 86' lang='lat' dir='ltr'><strong>decimum</strong></span> <span class='ocrx_word' id='word_1_134' title='bbox 595 2247 675 2301; x_wconf 80' lang='lat' dir='ltr'><strong>tanto</strong></span> <span class='ocrx_word' id='word_1_135' title='bbox 695 2247 743 2301; x_wconf 83' lang='lat' dir='ltr'><strong>tea</strong></span> <span class='ocrx_word' id='word_1_136' title='bbox 763 2237 851 2312; x_wconf 72' lang='lat' dir='ltr'><strong>fasta</strong></span> <span class='ocrx_word' id='word_1_137' title='bbox 871 2259 978 2322; x_wconf 73' lang='lat' dir='ltr'><strong>nepas,</strong></span> <span class='ocrx_word' id='word_1_138' title='bbox 1007 2241 1103 2302; x_wconf 82' lang='lat' dir='ltr'><strong>amice</strong></span> <span class='ocrx_word' id='word_1_139' title='bbox 1129 2247 1368 2326; x_wconf 84' lang='lat' dir='ltr'><strong>sequerentur:</strong></span> <span class='ocrx_word' id='word_1_140' title='bbox 1466 2267 1467 2276; x_wconf 39' lang='grc' dir='ltr'>ι</span> 
     </span>
    </p>
   </div>
   <div class='ocr_carea' id='block_1_7' title="bbox 316 2351 1368 2558">
    <p class='ocr_par' dir='ltr' id='par_1_7' title="bbox 316 2351 1368 2558">
     <span class='ocr_line' id='line_1_18' title="bbox 316 2351 1368 2442; baseline 0.001 -23"><span class='ocrx_word' id='word_1_141' title='bbox 316 2376 381 2442; x_wconf 88' lang='lat' dir='ltr'><strong>qua</strong></span> <span class='ocrx_word' id='word_1_142' title='bbox 398 2354 438 2418; x_wconf 92' lang='lat' dir='ltr'><strong>de</strong></span> <span class='ocrx_word' id='word_1_143' title='bbox 454 2353 663 2441; x_wconf 86' lang='lat' dir='ltr'><strong>dispositione</strong></span> <span class='ocrx_word' id='word_1_144' title='bbox 679 2351 901 2419; x_wconf 80' lang='lat' dir='ltr'><strong>Froehlichius</strong></span> <span class='ocrx_word' id='word_1_145' title='bbox 920 2373 1049 2441; x_wconf 90' lang='lat' dir='ltr'><strong>qnoque</strong></span> <span class='ocrx_word' id='word_1_146' title='bbox 1071 2355 1258 2438; x_wconf 86' lang='lat' dir='ltr'><strong>(comment.</strong></span> <span class='ocrx_word' id='word_1_147' title='bbox 1275 2357 1368 2422; x_wconf 89' lang='lat' dir='ltr'><strong>acad.</strong></span> 
     </span>
     <span class='ocr_line' id='line_1_19' title="bbox 317 2469 1368 2558; baseline 0 -20"><span class='ocrx_word' id='word_1_148' title='bbox 317 2471 443 2538; x_wconf 86' lang='lat' dir='ltr'><strong>Monac.</strong></span> <span class='ocrx_word' id='word_1_149' title='bbox 459 2494 481 2534; x_wconf 86' lang='lat' dir='ltr'>v</span> <span class='ocrx_word' id='word_1_150' title='bbox 513 2493 542 2536; x_wconf 95' lang='grc' dir='ltr'><strong>ιιι</strong></span> <span class='ocrx_word' id='word_1_151' title='bbox 564 2470 641 2554; x_wconf 85' lang='grc'>244)</span> <span class='ocrx_word' id='word_1_152' title='bbox 659 2469 823 2558; x_wconf 81' lang='lat' dir='ltr'><strong>cogitauit</strong></span> <span class='ocrx_word' id='word_1_153' title='bbox 859 2491 970 2536; x_wconf 87' lang='lat' dir='ltr'><strong>uersus</strong></span> <span class='ocrx_word' id='word_1_154' title='bbox 993 2471 1079 2538; x_wconf 89' lang='lat' dir='ltr'><strong>euim</strong></span> <span class='ocrx_word' id='word_1_155' title='bbox 1100 2471 1184 2538; x_wconf 88' lang='lat' dir='ltr'><strong>illins</strong></span> <span class='ocrx_word' id='word_1_156' title='bbox 1205 2473 1368 2540; x_wconf 90' lang='lat' dir='ltr'><strong>uocabulo</strong></span> 
     </span>
    </p>
   </div>
   <div class='ocr_carea' id='block_1_8' title="bbox 316 2586 1467 2678">
    <p class='ocr_par' dir='ltr' id='par_1_8' title="bbox 316 2586 1467 2678">
     <span class='ocr_line' id='line_1_20' title="bbox 316 2586 1467 2678; baseline -0.001 -24"><span class='ocrx_word' id='word_1_157' title='bbox 316 2589 428 2654; x_wconf 87' lang='lat' dir='ltr'><strong>ultimo</strong></span> <span class='ocrx_word' id='word_1_158' title='bbox 456 2590 552 2654; x_wconf 77' lang='lat' dir='ltr'><strong>amice</strong></span> <span class='ocrx_word' id='word_1_159' title='bbox 582 2588 688 2654; x_wconf 88' lang='lat' dir='ltr'><strong>scriba</strong></span> <span class='ocrx_word' id='word_1_160' title='bbox 716 2586 895 2654; x_wconf 89' lang='lat' dir='ltr'><strong>incuriosus</strong></span> <span class='ocrx_word' id='word_1_161' title='bbox 923 2588 970 2654; x_wconf 90' lang='lat' dir='ltr'><strong>ita</strong></span> <span class='ocrx_word' id='word_1_162' title='bbox 992 2589 1025 2653; x_wconf 90' lang='lat' dir='ltr'><strong>in</strong></span> <span class='ocrx_word' id='word_1_163' title='bbox 1047 2589 1193 2656; x_wconf 84' lang='lat' dir='ltr'><strong>fraudem</strong></span> <span class='ocrx_word' id='word_1_164' title='bbox 1215 2590 1368 2678; x_wconf 90' lang='lat' dir='ltr'><strong>delapsus</strong></span> <span class='ocrx_word' id='word_1_165' title='bbox 1466 2591 1467 2628; x_wconf 65' lang='lat'><em>³</em></span> 
     </span>
    </p>
   </div>
   <div class='ocr_carea' id='block_1_9' title="bbox 316 2691 1467 2792">
    <p class='ocr_par' dir='ltr' id='par_1_9' title="bbox 316 2691 1467 2792">
     <span class='ocr_line' id='line_1_21' title="bbox 316 2691 1467 2792; baseline 0 -19"><span class='ocrx_word' id='word_1_166' title='bbox 316 2716 423 2773; x_wconf 87' lang='lat' dir='ltr'><strong>estut</strong></span> <span class='ocrx_word' id='word_1_167' title='bbox 445 2705 544 2770; x_wconf 89' lang='lat' dir='ltr'><strong>oeulis</strong></span> <span class='ocrx_word' id='word_1_168' title='bbox 567 2705 759 2772; x_wconf 86' lang='lat' dir='ltr'><strong>aduersum</strong></span> <span class='ocrx_word' id='word_1_169' title='bbox 780 2707 822 2772; x_wconf 89' lang='lat' dir='ltr'><strong>ab</strong></span> <span class='ocrx_word' id='word_1_170' title='bbox 844 2705 898 2772; x_wconf 90' lang='lat' dir='ltr'><strong>illo</strong></span> <span class='ocrx_word' id='word_1_171' title='bbox 918 2706 1079 2772; x_wconf 89' lang='lat' dir='ltr'><strong>decimum</strong></span> <span class='ocrx_word' id='word_1_172' title='bbox 1102 2708 1148 2790; x_wconf 88' lang='lat' dir='ltr'><strong>(u.</strong></span> <span class='ocrx_word' id='word_1_173' title='bbox 1169 2706 1241 2792; x_wconf 78' lang='lat'>32),</span> <span class='ocrx_word' id='word_1_174' title='bbox 1275 2707 1368 2774; x_wconf 87' lang='lat' dir='ltr'><strong>euius</strong></span> <span class='ocrx_word' id='word_1_175' title='bbox 1466 2691 1467 2778; x_wconf 64' lang='grc' dir='ltr'>Ῐ</span> 
     </span>
    </p>
   </div>
   <div class='ocr_carea' id='block_1_10' title="bbox 316 2821 1467 2912">
    <p class='ocr_par' dir='ltr' id='par_1_10' title="bbox 316 2821 1467 2912">
     <span class='ocr_line' id='line_1_22' title="bbox 316 2821 1467 2912; baseline 0.001 -24"><span class='ocrx_word' id='word_1_176' title='bbox 316 2823 514 2912; x_wconf 88' lang='lat' dir='ltr'><strong>paenultima</strong></span> <span class='ocrx_word' id='word_1_177' title='bbox 544 2844 610 2888; x_wconf 86' lang='lat' dir='ltr'><strong>uox</strong></span> <span class='ocrx_word' id='word_1_178' title='bbox 638 2832 670 2888; x_wconf 91' lang='lat' dir='ltr'><strong>et</strong></span> <span class='ocrx_word' id='word_1_179' title='bbox 697 2821 767 2911; x_wconf 87' lang='lat' dir='ltr'><strong>ipsa</strong></span> <span class='ocrx_word' id='word_1_180' title='bbox 797 2827 894 2888; x_wconf 82' lang='lat' dir='ltr'><strong>amice</strong></span> <span class='ocrx_word' id='word_1_181' title='bbox 915 2831 976 2904; x_wconf 89' lang='lat' dir='ltr'><strong>est,</strong></span> <span class='ocrx_word' id='word_1_182' title='bbox 1007 2823 1232 2892; x_wconf 85' lang='lat' dir='ltr'><strong>aberrantibus</strong></span> <span class='ocrx_word' id='word_1_183' title='bbox 1262 2845 1367 2912; x_wconf 90' lang='lat' dir='ltr'><strong>usque</strong></span> <span class='ocrx_word' id='word_1_184' title='bbox 1466 2849 1467 2896; x_wconf 82' lang='grc' dir='ltr'>ι</span> 
     </span>
    </p>
   </div>
   <div class='ocr_carea' id='block_1_11' title="bbox 316 2937 1467 3149">
    <p class='ocr_par' dir='ltr' id='par_1_11' title="bbox 316 2937 1467 3149">
     <span class='ocr_line' id='line_1_23' title="bbox 316 2937 1467 3040; baseline -0.003 -32"><span class='ocrx_word' id='word_1_185' title='bbox 316 2942 356 3008; x_wconf 88' lang='lat' dir='ltr'><strong>ad</strong></span> <span class='ocrx_word' id='word_1_186' title='bbox 379 2941 464 3007; x_wconf 88' lang='lat' dir='ltr'><strong>hunc</strong></span> <span class='ocrx_word' id='word_1_187' title='bbox 485 2941 519 3006; x_wconf 93' lang='lat' dir='ltr'><strong>in</strong></span> <span class='ocrx_word' id='word_1_188' title='bbox 541 2937 711 3006; x_wconf 88' lang='lat' dir='ltr'><strong>scribendo</strong></span> <span class='ocrx_word' id='word_1_189' title='bbox 726 2939 912 3027; x_wconf 89' lang='lat' dir='ltr'><strong>peruenisse</strong></span> <span class='ocrx_word' id='word_1_190' title='bbox 928 2940 1123 3028; x_wconf 87' lang='lat' dir='ltr'><strong>opinaretur.</strong></span> <span class='ocrx_word' id='word_1_191' title='bbox 1166 2964 1230 3029; x_wconf 89' lang='lat' dir='ltr'><strong>quo</strong></span> <span class='ocrx_word' id='word_1_192' title='bbox 1253 2941 1368 3010; x_wconf 89' lang='lat' dir='ltr'><strong>ordine</strong></span> <span class='ocrx_word' id='word_1_193' title='bbox 1466 3037 1467 3040; x_wconf 7' lang='grc' dir='ltr'><strong>Ἴ</strong></span> 
     </span>
     <span class='ocr_line' id='line_1_24' title="bbox 317 3045 1467 3149; baseline -0.002 -23"><span class='ocrx_word' id='word_1_194' title='bbox 317 3060 455 3149; x_wconf 89' lang='lat' dir='ltr'><strong>probato</strong></span> <span class='ocrx_word' id='word_1_195' title='bbox 477 3059 575 3124; x_wconf 88' lang='lat' dir='ltr'><strong>etism</strong></span> <span class='ocrx_word' id='word_1_196' title='bbox 597 3056 747 3144; x_wconf 89' lang='lat' dir='ltr'><strong>repetitio</strong></span> <span class='ocrx_word' id='word_1_197' title='bbox 770 3056 865 3122; x_wconf 86' lang='lat' dir='ltr'><strong>ualde</strong></span> <span class='ocrx_word' id='word_1_198' title='bbox 887 3058 1015 3146; x_wconf 83' lang='lat' dir='ltr'><strong>ingrata</strong></span> <span class='ocrx_word' id='word_1_199' title='bbox 1038 3059 1189 3127; x_wconf 85' lang='lat' dir='ltr'><strong>uocabuli</strong></span> <span class='ocrx_word' id='word_1_200' title='bbox 1209 3060 1313 3126; x_wconf 77' lang='lat' dir='ltr'><strong>amice</strong></span> <span class='ocrx_word' id='word_1_201' title='bbox 1333 3061 1367 3126; x_wconf 90' lang='lat' dir='ltr'><strong>in</strong></span> <span class='ocrx_word' id='word_1_202' title='bbox 1466 3045 1467 3134; x_wconf 74' lang='grc' dir='ltr'>ι</span> 
     </span>
    </p>
   </div>
   <div class='ocr_carea' id='block_1_12' title="bbox 317 3174 1467 3263">
    <p class='ocr_par' dir='ltr' id='par_1_12' title="bbox 317 3174 1467 3263">
     <span class='ocr_line' id='line_1_25' title="bbox 317 3174 1467 3263; baseline -0.001 -21"><span class='ocrx_word' id='word_1_203' title='bbox 317 3176 442 3242; x_wconf 86' lang='lat' dir='ltr'><strong>duobus</strong></span> <span class='ocrx_word' id='word_1_204' title='bbox 474 3175 621 3243; x_wconf 90' lang='lat' dir='ltr'><strong>uersibus</strong></span> <span class='ocrx_word' id='word_1_205' title='bbox 652 3174 940 3261; x_wconf 81' lang='lat' dir='ltr'><strong>subsequentibus,</strong></span> <span class='ocrx_word' id='word_1_206' title='bbox 971 3198 1066 3263; x_wconf 86' lang='lat' dir='ltr'><strong>quam</strong></span> <span class='ocrx_word' id='word_1_207' title='bbox 1099 3178 1132 3242; x_wconf 91' lang='lat' dir='ltr'><strong>in</strong></span> <span class='ocrx_word' id='word_1_208' title='bbox 1162 3177 1367 3244; x_wconf 89' lang='lat' dir='ltr'><strong>restitutione</strong></span> <span class='ocrx_word' id='word_1_209' title='bbox 1466 3185 1467 3256; x_wconf 61' lang='lat' dir='ltr'><strong>t</strong></span> 
     </span>
    </p>
   </div>
   <div class='ocr_carea' id='block_1_13' title="bbox 317 3275 1467 3966">
    <p class='ocr_par' dir='ltr' id='par_1_13' title="bbox 317 3275 1467 3966">
     <span class='ocr_line' id='line_1_26' title="bbox 317 3275 1467 3376; baseline 0.001 -16"><span class='ocrx_word' id='word_1_210' title='bbox 317 3293 579 3360; x_wconf 83' lang='lat' dir='ltr'><strong>Lachmauuiana</strong></span> <span class='ocrx_word' id='word_1_211' title='bbox 610 3292 745 3358; x_wconf 89' lang='lat' dir='ltr'><strong>moleste</strong></span> <span class='ocrx_word' id='word_1_212' title='bbox 776 3291 925 3376; x_wconf 79' lang='lat' dir='ltr'><strong>ierimus,</strong></span> <span class='ocrx_word' id='word_1_213' title='bbox 955 3303 1147 3361; x_wconf 89' lang='lat' dir='ltr'><strong>remouetur.</strong></span> <span class='ocrx_word' id='word_1_214' title='bbox 1197 3295 1368 3363; x_wconf 87' lang='lat' dir='ltr'><strong>considera</strong></span> <span class='ocrx_word' id='word_1_215' title='bbox 1466 3275 1467 3342; x_wconf 37' lang='lat' dir='ltr'><strong>i</strong></span> 
     </span>
     <span class='ocr_line' id='line_1_27' title="bbox 317 3410 742 3499; baseline -0.005 -23"><span class='ocrx_word' id='word_1_216' title='bbox 317 3433 436 3499; x_wconf 79' lang='lat' dir='ltr'><strong>quaeso</strong></span> <span class='ocrx_word' id='word_1_217' title='bbox 459 3410 604 3476; x_wconf 87' lang='lat' dir='ltr'><strong>ordinem</strong></span> <span class='ocrx_word' id='word_1_218' title='bbox 626 3410 711 3475; x_wconf 91' lang='lat' dir='ltr'><strong>hunc</strong></span> <span class='ocrx_word' id='word_1_219' title='bbox 734 3434 742 3474; x_wconf 75' lang='grc' dir='ltr'>ι</span> 
     </span>
     <span class='ocr_line' id='line_1_28' title="bbox 451 3525 1182 3610; baseline 0.001 -17"><span class='ocrx_word' id='word_1_220' title='bbox 451 3549 477 3594; x_wconf 81' lang='grc' dir='ltr'><strong>ιι</strong></span> <span class='ocrx_word' id='word_1_221' title='bbox 519 3525 575 3591; x_wconf 77' lang='lat' dir='ltr'><strong>aad</strong></span> <span class='ocrx_word' id='word_1_222' title='bbox 594 3537 622 3591; x_wconf 84' lang='lat' dir='ltr'><strong>te</strong></span> <span class='ocrx_word' id='word_1_223' title='bbox 642 3528 709 3592; x_wconf 78' lang='lat' dir='ltr'><strong>iam</strong></span> <span class='ocrx_word' id='word_1_224' title='bbox 727 3525 816 3610; x_wconf 81' lang='lat' dir='ltr'><strong>ferre</strong></span> <span class='ocrx_word' id='word_1_225' title='bbox 837 3526 987 3592; x_wconf 74' lang='lat' dir='ltr'><strong>Herculei</strong></span> <span class='ocrx_word' id='word_1_226' title='bbox 1004 3528 1088 3593; x_wconf 81' lang='lat' dir='ltr'><strong>labos</strong></span> <span class='ocrx_word' id='word_1_227' title='bbox 1110 3543 1182 3594; x_wconf 79' lang='lat' dir='ltr'><strong>cst:</strong></span> 
     </span>
     <span class='ocr_line' id='line_1_29' title="bbox 517 3641 1038 3732; baseline 0.004 -24"><span class='ocrx_word' id='word_1_228' title='bbox 517 3655 599 3709; x_wconf 79' lang='lat' dir='ltr'><strong>tacto</strong></span> <span class='ocrx_word' id='word_1_229' title='bbox 619 3655 666 3708; x_wconf 81' lang='lat' dir='ltr'><strong>ren</strong></span> <span class='ocrx_word' id='word_1_230' title='bbox 679 3641 772 3730; x_wconf 82' lang='lat' dir='ltr'><strong>fastu</strong></span> <span class='ocrx_word' id='word_1_231' title='bbox 793 3665 899 3732; x_wconf 75' lang='lat' dir='ltr'><strong>nepas,</strong></span> <span class='ocrx_word' id='word_1_232' title='bbox 921 3648 1038 3710; x_wconf 69' lang='lat' dir='ltr'><strong>unaco?</strong></span> 
     </span>
     <span class='ocr_line' id='line_1_30' title="bbox 449 3761 1095 3850; baseline 0 -22"><span class='ocrx_word' id='word_1_233' title='bbox 449 3783 477 3828; x_wconf 78' lang='lat' dir='ltr'><strong>ua</strong></span> <span class='ocrx_word' id='word_1_234' title='bbox 516 3785 575 3826; x_wconf 84' lang='grc' dir='ltr'>ιιιιιι</span> <span class='ocrx_word' id='word_1_235' title='bbox 597 3773 696 3826; x_wconf 81' lang='lat' dir='ltr'><strong>castos</strong></span> <span class='ocrx_word' id='word_1_236' title='bbox 718 3762 751 3826; x_wconf 83' lang='lat' dir='ltr'><strong>aa&#39;</strong></span> <span class='ocrx_word' id='word_1_237' title='bbox 759 3761 871 3850; x_wconf 71' lang='lat' dir='ltr'><strong>stupor</strong></span> <span class='ocrx_word' id='word_1_238' title='bbox 892 3763 942 3826; x_wconf 82' lang='lat' dir='ltr'><strong>a&#39;lle</strong></span> <span class='ocrx_word' id='word_1_239' title='bbox 964 3761 1095 3845; x_wconf 81' lang='lat' dir='ltr'><strong>Oratam,</strong></span> 
     </span>
     <span class='ocr_line' id='line_1_31' title="bbox 517 3877 1061 3966; baseline 0.004 -24"><span class='ocrx_word' id='word_1_240' title='bbox 517 3899 578 3942; x_wconf 85' lang='grc' dir='ltr'>ιιοιι</span> <span class='ocrx_word' id='word_1_241' title='bbox 599 3879 633 3942; x_wconf 85' lang='lat' dir='ltr'><strong>ss&#39;</strong></span> <span class='ocrx_word' id='word_1_242' title='bbox 651 3877 792 3966; x_wconf 63' lang='lat' dir='ltr'><strong>Pegaseo</strong></span> <span class='ocrx_word' id='word_1_243' title='bbox 815 3883 901 3955; x_wconf 75' lang='lat' dir='ltr'><strong>feror</strong></span> <span class='ocrx_word' id='word_1_244' title='bbox 921 3879 1026 3944; x_wconf 80' lang='lat' dir='ltr'><strong>uoluta</strong></span> <span class='ocrx_word' id='word_1_245' title='bbox 1050 3906 1061 3944; x_wconf 94' lang='lat'><em>:</em></span> 
     </span>
    </p>
   </div>
   <div class='ocr_carea' id='block_1_14' title="bbox 0 0 1490 4484">
    <p class='ocr_par' dir='ltr' id='par_1_14' title="bbox 0 0 1490 4484">
     <span class='ocr_line' id='line_1_32' title="bbox 0 0 1490 4484; baseline 0 0"><span class='ocrx_word' id='word_1_246' title='bbox 0 0 1490 4484; x_wconf 95' lang='lat' dir='ltr'><strong> </strong></span> 
     </span>
    </p>
   </div>
  </div>
 </body>
</html>
