2920 4492
565 369 776 425 PROOElleM
1161 371 1176 420 3

131 536 227 602 cadus
249 535 363 604 dolere
388 546 515 624 potest,
547 538 603 623 qui
632 537 698 602 iam
725 537 810 604 hunc
837 537 980 627 libellum
1003 535 1177 601 emissurus

130 673 204 734 snm,
218 675 282 742 quo
296 677 351 720 ras
361 677 418 721 eas
432 654 473 722 de
489 653 608 742 quibus
624 655 656 718 in
671 675 768 741 opere
783 653 839 720 illo
854 675 925 720 sese
940 652 1176 740 disputaturum

131 767 179 833 ille
191 769 349 857 pollicitus
370 781 443 838 erat
462 772 648 838 tractandas
661 771 738 835 mihi
760 771 822 858 ipsi
839 770 925 836 haud
942 772 1009 836 scio
1026 794 1067 836 an
1083 771 1177 836 auda·

9 937 11 946 .
132 887 196 952 cius
216 911 313 975 quam
332 889 527 978 prudentius
545 889 744 976 sumpserim.
780 890 825 954 ita
839 887 923 954 enim
939 891 1176 954 enarrationem

132 1015 267 1072 nouom
290 1005 524 1072 instituendam
546 1007 623 1072 duxi
639 997 684 1071 'ot
704 1006 735 1071 in
755 1005 928 1071 uoluminis
942 1005 1068 1094 prioris,
1090 1007 1176 1094 quod

132 1121 254 1188 nomine
287 1125 582 1212 quaestionum
625 1122 960 1188 Catullianarum
1002 1122 1178 1189 inscribere

133 1237 555 1329 lubuitpanoprioresiue
575 1239 616 1304 in
637 1237 926 1327 quaestionum
949 1238 1099 1322 libr01‚
1123 1239 1178 1327 qui

132 1354 177 1420 de
201 1358 289 1422 nita
311 1353 478 1424 Catulli
499 1366 564 1438 est,
594 1355 635 1420 de
657 1357 805 1421 omuibus
826 1357 923 1422 rebus
944 1355 1119 1438 historicis,
1142 1365 1179 1422 ut

131 1474 297 1560 perspicue
319 1473 422 1559 magis
449 1494 547 1561 quam
569 1471 684 1538 Latine
712 1473 842 1559 loquar,
872 1495 1008 1561 quarum
1035 1471 1178 1559 cognitio

132 1589 169 1654 sd
190 1589 356 1657 Catullum
383 1591 478 1677 plene
505 1589 757 1678 intellegendum
787 1591 968 1657 necessaria
990 1601 1055 1672 est,
1076 1587 1178 1656 ueluti

132 1714 255 1792 praetor
275 1717 393 1795 poetae
414 1709 515 1772 uitam
537 1709 639 1794 ipsam
661 1708 695 1772 in
716 1705 826 1795 primis
842 1708 884 1773 de
897 1707 1096 1794 temporibus
1113 1731 1179 1773 car

132 1824 248 1888 minum
273 1823 531 1890 Catullianorum
555 1835 586 1890 et
608 1825 648 1890 de
669 1823 814 1911 personis
829 1823 1021 1891 Oatullianis
1044 1824 1179 1889 dissera-

131 1949 190 2004 tur.
232 1939 353 2007 doiude
381 1943 412 2005 in
447 1941 596 2024 eiusdem
618 1943 792 2008 uoluminis
813 1951 905 2030 parte
927 1941 1029 2006 altera
1049 1941 1119 2006 siue
1138 1941 1177 2006 iu

132 2059 423 2144 quaestionum
450 2057 563 2123 libro
588 2077 634 2142 11,
668 2060 722 2146 qui
753 2057 798 2123 de
828 2057 1090 2125 carminibus
1112 2057 1179 2124 Oa·

131 2174 228 2241 tulli
258 2177 338 2257 erit,
367 2175 475 2240 omnia
503 2177 744 2262 conplectemur
764 2195 848 2263 qnae
869 2174 912 2239 de
933 2174 1053 2241 Catulli
1074 2174 1179 2261 poesis

131 2291 236 2358 indole
258 2301 292 2358 et
313 2301 383 2358 arte
405 2292 445 2357 de
467 2289 536 2356 eius
556 2311 678 2377 genere
692 2289 819 2356 dicendi
842 2291 882 2356 de
903 2291 972 2356 eius
993 2313 1029 2356 re
1046 2290 1180 2356 metrica

131 2407 324 2496 exponenda
344 2417 448 2474 erunt.
489 2418 559 2474 tum
580 2407 614 2471 in
633 2407 765 2473 alterius
780 2407 953 2473 uoluminis
967 2415 1059 2494 parte
1072 2409 1180 2494 priore

130 2523 198 2611 ipse
213 2523 374 2591 Catulli
403 2523 527 2603 liber,
553 2526 645 2590 cuius
667 2524 857 2590 emendandi
878 2527 962 2589 ratio
983 2523 1077 2589 unica
1101 2545 1180 2588 uera

117 2640 162 2706 ·iu
194 2661 291 2707 omne
323 2651 359 2705 ut
385 2639 514 2706 uidetur
546 2653 674 2728 tempus
705 2639 813 2706 Caroli
841 2641 1040 2708 Lachmanni
1073 2661 1181 2704 recen·

132 2758 221 2823 sione
242 2756 463 2824 demonstrata
488 2767 546 2840 est,
569 2756 757 2844 recognitos
781 2778 853 2822 cum
879 2757 1004 2822 selectis
1034 2757 1179 2822 codicum

133 2874 325 2940 lectionibus
345 2883 379 2938 et
401 2873 541 2938 uirorum
570 2873 737 2938 doctorum
758 2873 949 2939 coniecturis
971 2885 1098 2938 etcum
1120 2875 1181 2940 dis-

133 2989 359 3080 quiaiu'onibus
381 2991 421 3055 de
442 2989 515 3056 libri
538 2987 711 3056 Catulliani
736 2990 871 3055 historia
892 2991 932 3056 dc
954 2991 1119 3057 codicibus
1140 2989 1181 3055 de

132 3108 329 3174 editionibus
350 3107 555 3174 exhibebitur
575 3129 584 3172 :
605 3107 685 3172 haec
707 3109 815 3173 omnia
835 3107 975 3194 denique
990 3109 1023 3172 iu
1038 3109 1180 3173 eiusdem

134 3223 306 3290 uoluminis
328 3235 420 3311 parte
442 3225 544 3290 altera
565 3224 897 3289 commentarius
921 3225 1049 3310 singula
1071 3226 1182 3292 carmi·

137 3363 209 3407 nnn
231 3339 400 3429 explicans
421 3341 561 3427 excipiet
582 3351 614 3404 et
631 3339 677 3406 ad
698 3339 795 3406 finem
816 3341 982 3428 perducet.

214 3457 314 3538 Quod
346 3456 444 3523 modo
477 3457 672 3522 recensionis
702 3457 776 3522 libri
808 3457 981 3525 Catulliani
1014 3481 1033 3524 a
1064 3457 1182 3524 Oarolo

134 3573 343 3640 lachmanno
364 3575 470 3641 factae
487 3573 681 3640 mentionem
704 3575 810 3650 inieci,
830 3575 893 3640 hoe
914 3577 985 3640 loco
1007 3597 1070 3642 non
1093 3575 1183 3641 nulla

133 3691 226 3757 uideo
249 3689 328 3756 mibi
349 3689 497 3756 addenda
519 3711 599 3774 esse,
623 3711 687 3755 non
709 3713 773 3778 quo
793 3692 945 3756 iudicium
971 3692 1057 3780 quod
1082 3693 1122 3756 de
1144 3713 1182 3755 ea

133 3808 191 3873 tuli
210 3807 361 3897 pluribus
382 3807 557 3895 adprobem
579 3809 668 3890 (nam
687 3807 782 3874 huius
804 3808 849 3874 rei
868 3810 1110 3897 persequendae
1132 3829 1182 3871 oc-

135 3927 218 3990 casio
240 3927 273 3992 in
295 3923 400 3992 altero
422 3922 583 3988 uolumine
603 3926 696 3992 nobis
717 3923 849 3990 adfatim
871 3935 985 4011 parata
1007 3924 1100 4006 crit),
1126 3924 1181 3986 sed

932 4028 948 4087 1
964 4026 982 4064 2
