2950 4480
546 333 797 388 mlo-xmo

160 520 202 586 10
225 540 325 603 quare
348 527 406 586 aut
426 520 722 607 hendecasyllabos
752 530 914 590 trecentos

226 647 361 722 expecta
383 647 441 706 aut
462 640 546 706 mihi
575 641 715 708 linteum
737 645 878 722 remitte,

223 757 308 840 quod
331 778 384 823 me
405 779 471 826 non
493 767 606 826 mouet
627 763 867 833 aestimatione:

222 898 340 944 uorum
363 887 413 945 eet
436 901 688 966 mnemosynum
717 883 782 946 mei
804 882 935 950 sodalis.

223 1019 299 1062 nam
322 997 454 1064 sudaria
476 999 608 1065 saetnba
630 1021 672 1066 cx
696 1000 850 1066 Hibereis

158 1116 198 1182 15
222 1118 384 1182 miseruut
405 1117 488 1182 mihi
515 1121 641 1185 muneri
663 1120 825 1186 Fabullus

221 1243 254 1300 ot
276 1236 453 1302 Veranius:
476 1237 556 1302 haee
578 1258 685 1303 amem
710 1259 844 1305 necesso
866 1251 917 1306 est

220 1361 258 1418 ut
279 1354 495 1421 Veraniolum
524 1377 635 1422 meum
659 1368 692 1422 et
713 1355 904 1424 Fabullum.

621 1577 709 1644 XIII

220 1729 361 1828 Cenabis
387 1763 476 1839 beno,
500 1765 546 1828 mi
569 1763 720 1841 Fabullo,
749 1764 835 1847 apud
859 1786 911 1829 mo

218 1881 341 1964 paucis,
364 1882 393 1945 si
416 1881 474 1946 tibi
499 1881 545 1946 dii
568 1883 691 1960 fauent,
715 1883 840 1961 diebus,

217 2001 245 2064 si
268 2007 376 2065 tecum
401 2000 554 2066 attuleris
580 1999 698 2067 bonam
722 2011 818 2085 atquo
842 2023 997 2086 magnam

218 2140 341 2196 conam,
364 2140 430 2185 non
453 2120 523 2184 sino
546 2119 684 2185 candida
709 2122 822 2204 puella
898 2181 904 2194 ,

173 2240 251 2302 bet
272 2240 351 2303 uino
374 2249 407 2303 et
428 2239 497 2303 sale
520 2247 552 2303 et
575 2239 729 2304 omnibns
753 2239 930 2306 cachinnis.

216 2359 297 2423 haee
320 2359 357 2434 si,
381 2361 529 2440 inquam,
553 2359 713 2437 attuleris,
736 2367 876 2424 uenuste
898 2365 1018 2437 noster,

151 2563 242 2614 salsum
267 2573 279 2621 ΙΙ
306 2561 515 2614 lacrumarum
545 2573 557 2619 ΙΙ
585 2563 615 2614 13
628 2581 699 2615 nemo
712 2565 791 2615 sinum
816 2575 829 2621 ΙΙ
856 2565 886 2615 14
899 2564 1018 2616 exhibere
1043 2575 1055 2622 ΙΙ
1081 2564 1112 2616 lc
1130 2581 1176 2615 nu·

150 2647 212 2699 rneri
237 2659 249 2705 Η
277 2647 306 2697 17
328 2647 359 2698 Et
383 2657 395 2704 tt
419 2647 482 2698 XIII
500 2648 541 2698 Ad
559 2648 691 2700 Fabullum
716 2659 727 2706 ΙΙ
753 2647 894 2716 bunquam

151 2766 209 2817 ebal
229 2766 266 2816 23
361 2765 392 2817 16
415 2765 556 2817 verannius
576 2784 600 2821 or
619 2768 755 2833 mes.acl
773 2767 861 2820 VIIII
870 2771 885 2820 1
966 2770 1013 2821 hoc
1032 2762 1075 2847 βω

152 2851 183 2903 17
203 2853 238 2902 Et
265 2849 396 2902 VStotius
415 2853 561 2922 tubuel:
580 2857 764 2920 ineolumem
786 2871 808 2904 n.
828 2864 868 2906 est
886 2855 919 2904 Et
937 2855 1074 2907 Pelruerius
1098 2851 1177 2918 spicil.

154 2935 224 2989 Grut.
245 2937 330 3002 Lamp.
352 2941 396 2988 llll
415 2939 468 2989 ⁸02
488 2939 602 2991 Hendius
629 2941 677 2991 obs.
699 2942 735 2991 bb
760 2939 865 3006 Heysius
1000 2939 1176 2992 Verenniolum

151 3039 176 3077 ω
200 3023 253 3074 Lm.
328 3024 397 3074 liuius
415 3026 526 3076 carminis
544 3043 627 3077 uersus
646 3035 759 3076 extremos
777 3025 874 3075 Plinius
891 3025 944 3075 best.
964 3035 1013 3076 rial.
1028 3026 1110 3090 praes.
1134 3025 1173 3086 §l

151 3109 188 3158 lis
207 3109 311 3174 respexit
329 3111 419 3164 ner-bie:
442 3117 562 3178 ‘namque
585 3121 613 3163 tu
631 3112 729 3162 solebas
746 3127 815 3161 meas
834 3127 889 3161 sese
907 3111 1002 3176 aliquid
1021 3118 1111 3177 putare
1128 3125 1176 3158 nu·

149 3193 209 3261 gne’
233 3203 261 3243 ut
283 3192 383 3245 obicere
408 3195 496 3246 moliar
514 3197 646 3258 Catullum,
665 3203 853 3246 conterraneum
876 3212 957 3245 meum
983 3195 1128 3262 (adgnoscis
1151 3203 1177 3243 et

149 3279 196 3329 boc
216 3285 345 3329 castrense
363 3280 497 3341 uerbuml:
517 3280 560 3332 ills
578 3281 656 3343 enim,
678 3289 705 3330 ut
723 3280 784 3338 seis,
808 3279 956 3346 permutatis
974 3279 1098 3346 prioribus
1117 3295 1175 3329 sae-

149 3363 215 3415 tabis
234 3363 404 3415 duriusculum
423 3381 451 3416 se
469 3365 529 3416 lecit
545 3384 619 3432 quern
638 3366 740 3417 uolebat
758 3364 901 3416 existumari
925 3383 941 3415 a
958 3364 1099 3415 Veraniolis
1122 3363 1175 3413 suis

148 3458 175 3499 ct
192 3448 313 3500 Fabullis.
338 3448 366 3498 de
385 3451 518 3514 ‘prioribus
536 3450 657 3502 saetabis’
680 3451 738 3500 boec
757 3448 869 3516 Silliqius
893 3449 927 3500 nd
944 3449 1018 3499 locum
1037 3448 1115 3498 Plinii
1130 3446 1174 3496 nei-

148 3535 250 3584 notcuit:
278 3533 377 3585 Alludit
400 3534 498 3586 Plinius
520 3537 552 3586 ad
571 3535 663 3589 Catulli
687 3552 787 3587 carmen
804 3533 866 3595 Xll,
888 3551 937 3600 quo
962 3542 1037 3600 poeta
1060 3531 1174 3582 Asinium

148 3647 181 3658 -
201 3632 228 3668 ut
246 3629 413 3685 correptorem
433 3621 503 3672 lintei
522 3623 616 3673 saetabi
636 3641 651 3672 a
669 3621 778 3672 Veranio
796 3629 823 3670 et
837 3619 941 3670 Fabullo
960 3619 1008 3670 sibi
1026 3619 1096 3669 missi
1115 3633 1173 3684 per-

149 3703 277 3770 sequitur,
299 3705 365 3770 quod
390 3705 484 3757 furtum
507 3724 538 3758 ne
556 3725 612 3758 ourn
635 3707 710 3758 simili
732 3707 798 3757 furto
823 3705 931 3756 carmine
949 3703 1021 3757 XXV
1047 3703 1172 3772 exagitato

146 3789 324 3852 confundetur,
342 3789 439 3842 Plinius
458 3793 608 3859 ‘prioribus’
631 3793 709 3844 addit.
734 3793 765 3857 cs.
787 3791 857 3842 etiam
875 3789 994 3842 FHandii
1010 3789 1172 3855 interpretatio

145 3875 193 3926 Ioci
206 3873 319 3940 plinsbni
337 3873 361 3924 in
379 3875 427 3927 ind.
447 3875 498 3928 lect.
516 3878 600 3930 nescu
619 3878 705 3928 nuens.
725 3896 748 3929 a.
766 3877 834 3930 1851
848 3877 976 3942 proposita

898 3977 939 4029 3*
