2954 4492
308 339 358 391 itt
575 333 626 387 vll
659 333 708 387 Da
724 333 865 388 mum
881 333 1076 390 BITHYNICO

456 523 629 587 evocatura,
650 513 684 565 ut
703 501 787 583 meti,
806 506 861 588 qui
878 523 975 567 meum
995 515 1115 569 ecculm

454 631 625 704 praetorem
645 617 750 703 refero
772 619 877 684 mm
898 620 1004 686 lucello

457 729 484 801 ‘o
507 733 645 817 Memmi,
667 737 740 800 leno
759 757 808 800 me
827 759 866 799 ac
886 736 939 800 diu
959 738 1101 821 rupinum

457 859 517 916 tota
537 852 599 916 iota
619 850 704 914 trade
724 853 821 916 uuum
842 840 1021 917 iurumoote'i

457 965 690 1052 sedquoniam
711 967 808 1048 uideo,
828 968 907 1052 pari
923 965 1028 1054 riaetis

459 1103 535 1147 eoru
555 1106 566 1146 .·
586 1105 657 1148 uam
678 1082 774 1148 uitulo
795 1084 914 1149 minore
934 1105 1035 1168 uorpa

456 1195 542 1280 forti
560 1197 634 1264 eoae
656 1246 663 1263 .
687 1243 695 1262 .
719 1246 726 1263 .

322 1359 332 1378 ⁹
391 1351 427 1420 Si
448 1354 549 1441 igitur
570 1353 697 1422 Catullo
718 1353 800 1420 fides
823 1354 971 1420 habende
992 1365 1055 1436 est,
1089 1354 1259 1420 Memmius
1280 1377 1355 1442 pro·
1469 1395 1470 1410 κ

307 1470 446 1535 uinoiem
477 1471 668 1537 exhauriens
696 1471 857 1538 redituum
884 1472 1055 1559 plurimum
1084 1472 1117 1537 in
1145 1495 1238 1539 usum
1259 1494 1354 1537 suurn

309 1588 519 1654 conuertebet
548 1609 653 1675 neque
682 1587 855 1677 quiequam
883 1589 1048 1655 cohortem
1072 1590 1191 1655 lucrari
1217 1589 1354 1672 sinebat,

309 1726 505 1794 quamquem
536 1705 646 1771 nescio
677 1727 719 1770 en
749 1705 878 1792 plurimi
909 1705 992 1771 illius
1026 1704 1154 1772 sodales
1185 1705 1266 1771 lueri
1295 1729 1355 1794 spe

308 1823 388 1886 moti
419 1844 493 1886 eum
519 1822 663 1887 comitati
690 1821 762 1886 sint.
805 1844 823 1886 e
857 1823 973 1910 quibus
1004 1819 1168 1890 Catullum
1198 1844 1264 1886 non
1301 1844 1355 1887 ex·

309 1937 409 2024 cipio,
441 1938 496 2025 qui
524 1960 596 2004 curn
626 1959 666 2002 ex
695 1938 811 2004 itinere
835 1936 1009 2026 Bithynico
1031 1937 1135 2005 redux
1156 1937 1197 2005 ed
1222 1937 1355 2006 Sirmio

310 2077 383 2121 nem
405 2077 495 2120 suem
518 2053 741 2144 paeninsulam
763 2055 906 2121 uenisset
928 2055 982 2138 (cl.
1005 2077 1132 2121 carmen
1156 2055 1252 2136 xxm)
1258 2102 1269 2138 ,
1299 2078 1354 2121 ex·

310 2172 463 2237 clamauit
482 2171 563 2236 haee
584 2195 591 2238 :

458 2315 559 2380 labore
578 2313 662 2398 ferei
680 2315 815 2379 uenimus
836 2313 931 2378 larem
952 2315 996 2378 ad
1013 2326 1148 2378 nostrum

462 2429 690 2516 desideratoque
711 2429 932 2515 adquiescimus
952 2429 1027 2494 lecto
1048 2452 1056 2492 :

460 2545 516 2610 too
538 2558 580 2610 eet
600 2546 682 2632 quod
699 2568 793 2610 unum
813 2555 857 2610 eet
873 2568 931 2630 pro
952 2545 1105 2610 laboribus
1126 2549 1223 2608 usaue

393 2715 438 2780 At
470 2711 691 2801 quaerendum
725 2721 774 2779 est
805 2735 869 2801 quo
895 2712 966 2779 iure
995 2712 1142 2779 Catullus
1169 2712 1295 2778 lucrum
1324 2711 1357 2776 in

310 2830 477 2918 prouincia
498 2829 607 2894 faeere
628 2828 859 2916 expectauerit.
902 2851 968 2915 qua
989 2828 1029 2895 de
1049 2849 1085 2892 re
1106 2849 1189 2915 quse
1212 2825 1358 2914 Scaliger

313 2948 389 3014 olim
415 2945 590 3035 disputeuit
619 2967 770 3032 magnam
798 2955 923 3033 partem
944 2945 1025 3010 false
1046 2965 1116 3011 esse
1136 2947 1201 3010 ium
1221 2943 1358 3008 Vossius

313 3074 401 3130 recte
431 3060 606 3129 ednoteuit.
649 3073 681 3126 et
713 3059 849 3147 primum
878 3062 1007 3149 quidem
1032 3061 1156 3127 luorum
1177 3058 1264 3126 haud
1287 3082 1359 3146 per-

242 3220 248 3229 ·
312 3202 389 3246 uum
421 3180 582 3268 praetoris
604 3179 774 3244 comitibus
797 3200 839 3245 ex
858 3177 1005 3266 pecuniis
1027 3200 1046 3244 a
1065 3177 1186 3264 populo
1209 3176 1358 3242 Romano

313 3299 346 3364 in
367 3294 605 3384 prouinciarum
626 3305 786 3382 sumptum
809 3295 966 3376 decretis,
999 3315 1136 3382 querum
1158 3293 1358 3379 aliquantum
1469 3363 1470 3384 χ

311 3413 354 3480 ad
382 3413 523 3479 cohortis
552 3434 681 3499 quoquo
712 3411 892 3498 praetoriae
917 3410 1063 3476 homines
1095 3408 1238 3487 redibat,
1270 3411 1359 3476 nasci

311 3530 436 3634 solebat
467 3528 522 3612 (of.
546 3527 662 3594 Cicero
690 3529 724 3593 in
747 3527 885 3593 Verrem
907 3550 927 3591 n
950 3550 957 3591 ι
982 3528 1022 3591 14
1042 3527 1083 3591 36
1106 3525 1185 3593 dodi
1204 3527 1360 3614 stipendio

312 3645 465 3733 frumento
485 3645 598 3732 kqats’e
617 3669 677 3732 pro
698 3657 858 3732 quaestore
879 3647 994 3711 oolorts'
1000 3645 1174 3731 praetoriae
1194 3643 1257 3708 HS
1275 3645 1360 3710 mullo
1469 3635 1470 3696 l

313 3772 450 3830 sescento
481 3763 608 3848 triginta
645 3763 779 3849 quiaque
806 3761 893 3828 melia
922 3761 1162 3849 quodnisqoutoo
1192 3760 1297 3826 dooere
1332 3773 1360 3826 a

315 3891 427 3966 reptem
446 3877 615 3962 nummos),
650 3878 841 3970 praesertim
862 3899 935 3944 cum
961 3878 1118 3965 pecuniae
1145 3877 1239 3960 illae,
1275 3899 1360 3966 quae
1469 3873 1470 3880 '
