2970 4484
397 357 421 408 Χ
456 357 505 410 ΒΕ
524 357 701 412 vuRsnrto
718 359 765 410 ΕΤ
781 357 946 412 rantum
1149 361 1200 412 145

147 523 247 610 2464)
275 523 374 611 plane
394 522 529 590 ridicule
550 524 785 612 eogitauernnt
834 526 892 614 qui
918 523 980 590 uiri
1009 525 1098 592 docti
1128 549 1200 592 oum

148 649 241 706 tanto
260 661 358 727 opere
377 649 558 729 temporum
572 641 726 708 incuriosi
746 643 874 726 fuerim,
896 643 1050 708 miramur
1070 665 1127 709 cur
1147 665 1202 709 ne·

149 778 213 844 qne
229 755 350 822 Gaium
365 756 519 822 Pisonem
540 779 624 824 anno
645 757 785 836 5601186
801 767 834 824 51
849 758 975 826 duobus
990 761 1201 848 sequentibus

150 871 327 959 Hispaniae
353 873 516 938 ulterioris
536 874 717 960 praesidem
737 874 793 959 (ef.
811 874 1021 942 Drumannus
1040 899 1058 941 ιι
1079 877 1130 956 61,
1147 877 1201 960 16)

149 1011 257 1078 usque
278 989 317 1056 L.
339 989 490 1056 Pisonem
512 985 728 1056 ansonihum
756 1012 839 1056 anno
865 992 1003 1070 6001154
1023 992 1203 1080 Hispaniae

149 1107 312 1173 ulterioris
331 1115 515 1193 praetorem
535 1108 590 1192 (ef.
609 1107 724 1174 Drum.
748 1131 766 1171 ιι
789 1109 839 1190 61,
864 1109 920 1193 27)
943 1131 1048 1196 neque
1063 1109 1201 1197 denique

149 1221 343 1311 dLPupium
354 1223 506 1289 Pisonem
518 1221 774 1311 Calpurnianum
792 1226 1082 1309 commemorarint,
1106 1248 1201 1314 quem

149 1363 346 1430 quamquam
373 1339 535 1407 nescimus
564 1341 692 1428 quando
721 1343 753 1407 in
781 1342 940 1430 Hispania
973 1367 1016 1410 ex
1048 1353 1202 1431 praetura

149 1481 209 1545 pro
238 1457 368 1524 consule
395 1458 511 1541 fuerit,
539 1456 686 1525 Catullus
714 1471 821 1525 tamen
852 1460 939 1524 nullo
962 1461 1057 1525 modo
1080 1461 1200 1546 signifi·

150 1596 225 1641 esre
244 1575 358 1662 potuit,
381 1575 457 1662 quia
478 1575 531 1640 ille
554 1599 638 1642 anno
659 1577 778 1654 685169
793 1576 834 1642 de
848 1577 1010 1664 Hispanis
1024 1577 1201 1663 triumpha·

150 1690 197 1757 nit
217 1702 252 1758 et
274 1713 358 1758 anno
380 1692 494 1769 693161
519 1693 720 1758 consulatum
747 1692 810 1757 ism
839 1694 940 1779 gessit
961 1693 1015 1777 (cl.
1038 1694 1199 1758 Druman·

150 1830 211 1874 nus
231 1807 252 1872 1.
266 1832 293 1874 c.
310 1831 327 1872 ιι
342 1808 392 1889 87,
408 1809 458 1874 57.
474 1809 540 1890 59).
571 1808 681 1896 itaque
695 1809 824 1874 Pisonis
845 1810 930 1876 intra
950 1831 1052 1874 annos
1073 1810 1146 1876 illos
1167 1810 1199 1875 in

148 1924 307 2013 Hispania
333 1925 491 2010 praetoris
518 1925 602 2012 apud
626 1927 799 2012 scriptores
820 1937 945 1991 ueteres
967 1928 1088 1992 mentio
1111 1928 1199 1992 nulla

149 2041 237 2106 facts
251 2052 308 2107 est.
343 2042 398 2106 sed
414 2040 493 2128 quid
511 2042 571 2105 hac
585 2041 834 2128 argumentandi
849 2043 974 2108 ratione
989 2042 1200 2130 proficimus?

150 2156 247 2224 etism
267 2155 294 2221 si
311 2157 513 2222 aduersarios
532 2158 710 2223 concedere
732 2159 897 2245 coegimus
912 2183 945 2224 se
960 2160 1000 2225 de
1015 2160 1132 2226 Pisone
1147 2159 1201 2224 ali·

150 2295 216 2361 quo
231 2273 361 2340 aliunde
375 2295 506 2362 quoque
520 2277 662 2360 cognito,
684 2297 781 2362 quem
802 2299 821 2340 a
841 2275 970 2342 Catullo
986 2275 1199 2362 significatum

149 2413 222 2456 esse
255 2401 422 2478 putarent,
455 2393 555 2456 talsos
592 2415 663 2456 esse
674 2441 683 2474 ,
715 2404 823 2458 tamen
853 2392 914 2458 illis
947 2395 1108 2459 sententia
1141 2415 1199 2458 sua

148 2508 290 2574 refutata
310 2530 376 2573 non
396 2507 559 2574 uidebitur
580 2518 613 2575 et
635 2509 839 2576 coniecturae
859 2533 936 2576 suae
951 2510 996 2576 ita
1011 2522 1200 2574 succurrent

148 2607 201 2706 ut}
228 2647 302 2690 cum
330 2646 395 2690 non
424 2625 565 2691 omnium
585 2638 772 2713 praetorum
795 2627 840 2692 roi
863 2627 1010 2714 publicae
1032 2625 1199 2692 Romanae

148 2741 281 2808 nomina
302 2742 343 2806 ad
363 2741 509 2806 notitiam
532 2753 674 2808 nostram
697 2744 860 2825 uenerint,
890 2767 953 2809 non
984 2743 1100 2807 mirum
1129 2764 1200 2808 esse

149 2858 259 2924 dicant
287 2857 373 2946 qued
395 2855 472 2923 Piso
502 2859 631 2946 quidam
660 2859 789 2926 aliunde
818 2860 1002 2946 incognitus
1024 2859 1202 2947 Hispaniae

149 2983 281 3062 praetor
307 2985 574 3041 commemoretur
602 3001 622 3042 a
651 2975 788 3043 Catullo.
844 2985 878 3041 at
907 2999 1015 3042 nonne
1038 2978 1087 3042 uis
1109 2977 1202 3042 huius

149 3093 334 3180 argumenti
365 3113 403 3157 5ο
425 3091 626 3179 aliquantum
653 3093 841 3179 infringitur
869 3093 956 3179 quod
985 3094 1070 3158 inter
1098 3115 1200 3158 annos

148 3209 265 3286 697157
289 3217 322 3274 51
343 3207 460 3285 700154
481 3219 633 3295 quattuor
654 3231 718 3273 non
741 3209 877 3296 amplius
900 3219 1068 3296 praeturas
1083 3208 1200 3296 Hispa-

148 3325 275 3392 nissum
285 3327 475 3412 ignoramus
490 3349 510 3390 a
521 3327 638 3414 quibus
649 3327 892 3393 administratae
903 3325 991 3392 sint?
1012 3327 1200 3414 quidquod,

148 3443 175 3508 si
198 3442 355 3508 citerioris
376 3453 508 3530 praetor
522 3443 701 3530 Hispaniae
719 3443 795 3509 Piso
816 3445 913 3508 fuisse
935 3443 1085 3526 creditur,
1108 3445 1201 3508 unius

148 3571 274 3625 tanturn
296 3561 371 3626 anni
394 3559 509 3637 697157
532 3571 662 3648 praetor
683 3562 776 3626 nobis
797 3563 929 3648 ignotus
949 3573 999 3626 est
1022 3561 1078 3644 (cf.
1093 3561 1201 3648 Pighii

148 3677 257 3743 annal.
282 3700 311 3741 ιιι
333 3677 524 3762 376-398).
568 3677 684 3742 deinde
708 3679 784 3763 quid
806 3679 868 3744 hac
889 3677 1049 3743 sententis
1066 3679 1202 3764 probata
1282 3767 1286 3776 Ι

147 3795 291 3861 carmine
316 3817 372 3860 xur
401 3796 438 3859 11
467 3793 539 3876 fiet,
576 3795 610 3859 in
646 3817 711 3882 quo
742 3793 891 3861 Catullus
921 3788 1070 3882 ‘puellam
1102 3793 1202 3861 susm’

144 3912 193 3979 ita
212 3911 394 3978 nominauit
419 3921 455 3976 ut
477 3921 543 3976 tum
567 3913 636 3976 eius
658 3923 690 3978 et
705 3913 842 3980 Lesbiae
871 3935 1014 3980 amorem
1033 3933 1097 3978 non
1119 3913 1196 3978 dum
