2954 4492
278 339 327 388 144
551 335 589 388 Vl
623 337 670 388 DE
687 337 869 391 AMORIBVS
887 337 1042 390 suumn

276 501 452 570 Commendo
473 503 534 568 tibi
551 527 599 569 me
618 527 658 570 ac
678 527 762 572 meos
783 527 903 570 umores
927 527 982 570 xv·
1007 503 1162 570 Pedicabo
1188 527 1241 591 epo
1263 527 1318 572 uos

275 633 304 686 st
322 621 488 686 iorumobo
508 643 564 686 xxr
586 621 702 687 Aureli
718 634 809 707 potor
828 623 1027 688 coerctionem
1046 643 1121 688 xxru
1143 621 1242 699 Μ,
1266 623 1324 688 oui

274 760 369 824 nequeo
387 761 498 804 esrum
518 751 564 804 est
583 762 678 826 neque
697 763 774 805 oreo
795 761 874 805 xxvi
896 737 980 805 Fon·
1003 739 1099 806 oseca
1125 751 1227 805 soora
1257 763 1319 805 ooo

274 858 318 920 cd
337 855 454 922 Austri
472 854 612 944 denique
633 855 674 922 sd
694 855 840 922 homiues
862 856 994 923 eosdem
1014 877 1144 924 carmen
1168 880 1202 923 ιι
1221 856 1319 944 scrip

274 981 343 1038 tum
366 980 433 1056 est,
455 971 496 1038 de
519 994 584 1062 quo
606 974 668 1040 ism
691 995 789 1062 supro
810 975 855 1062 (p.
880 973 955 1061 128)
975 995 1040 1040 non
1063 973 1153 1040 nullo
1173 975 1320 1060 exposui·

275 1111 357 1156 urus.
400 1111 443 1156 ex
464 1090 659 1157 carminibus
686 1091 727 1158 sd
747 1090 935 1157 quentium
960 1089 1088 1179 scriptis
1115 1093 1190 1175 (nec
1213 1091 1318 1156 miuus

274 1229 317 1274 ex
338 1207 480 1274 carmine
501 1227 557 1273 uvi
582 1207 693 1274 Orsm
714 1208 894 1287 ridiculum
928 1206 1019 1292 Octo,
1054 1220 1082 1272 ct
1100 1209 1253 1292 mensuro,
1285 1209 1319 1274 in

273 1347 338 1414 quo
361 1333 509 1412 stuprum
525 1325 808 1393 obscoenissimum
829 1349 849 1390 u
863 1347 897 1390 sc
912 1325 984 1413 ipso
1004 1347 1077 1390 cum
1091 1326 1234 1392 masculo
1247 1345 1318 1413 per-

273 1453 435 1533 petretum
469 1441 587 1510 Ostorii
620 1441 767 1510 Catullus
802 1453 841 1510 ut
878 1442 919 1509 de
948 1443 1056 1510 iocoso
1085 1451 1117 1508 ct
1146 1440 1254 1529 lepide
1283 1461 1318 1506 re

272 1562 416 1650 glorians
443 1559 583 1644 rettulit)
612 1558 757 1625 uidemus
783 1557 947 1628 Catullum
974 1581 993 1624 s
1017 1559 1151 1625 crimine
1179 1559 1318 1625 Veneris

272 1689 495 1745 monstruosae
528 1701 594 1744 uon
628 1677 734 1765 magis
773 1659 870 1765 quum¹
902 1674 1074 1744 Horatium
1105 1675 1254 1761 Liguriui
1284 1685 1317 1743 et

271 1795 400 1884 Lycisci
422 1803 596 1863 amatorem
617 1795 670 1860 uel
683 1795 849 1862 Tibullum
864 1793 919 1883 qui
935 1793 1077 1860 Merothi
1097 1791 1188 1881 pueri
1208 1814 1317 1860 umore

272 1912 408 2001 deperiit
438 1911 569 1978 liberari
588 1934 694 2000 posse.
737 1932 875 2000 quorum
897 1911 1045 1999 exemplo
1066 1910 1166 1977 libido
1188 1910 1245 1977 ills
1264 1931 1316 1976 ue·

272 2030 370 2098 fonds
398 2029 495 2096 stium
524 2031 550 2096 si
579 2053 644 2096 uon
677 2029 809 2119 probsri
845 2038 953 2095 tomen
987 2029 1128 2116 quodem
1154 2027 1251 2094 modo
1283 2028 1316 2094 iu

272 2147 401 2214 Catullo
423 2147 572 2216 excusari
585 2157 701 2235 potest.
745 2171 819 2214 nom
838 2170 911 2212 eum
927 2168 987 2213 uec
1001 2145 1167 2222 Horatius,
1188 2166 1316 2211 morum

272 2265 349 2332 sutis
377 2285 510 2331 seuerus
545 2265 715 2353 magister,
755 2288 816 2332 nec
844 2264 1013 2346 Tibullus,
1045 2273 1143 2352 postu
1174 2263 1317 2329 omniurn

271 2381 468 2448 mstissimus
498 2390 531 2448 et
553 2381 738 2448 adfectuum
759 2381 1022 2448 suauissimorum
1044 2381 1223 2468 interpres,
1255 2379 1316 2446 illis

270 2498 486 2587 reipublicae
508 2497 675 2565 Rcmsnsc
701 2499 902 2589 temporibus
928 2497 1177 2587 corruptissimis
1198 2499 1240 2564 sb
1259 2497 1317 2563 illo

269 2615 468 2705 turpitudine
496 2615 641 2704 integros
671 2625 704 2682 et
729 2616 866 2685 intectos
887 2639 921 2684 se
943 2638 1074 2682 seruere
1094 2615 1316 2699 sustinuerint,

271 2735 344 2824 quis
373 2735 406 2800 in
435 2733 580 2818 Catullo,
610 2733 667 2822 qui
695 2745 812 2801 nature
833 2735 873 2801 ud
895 2733 992 2800 enimi
1014 2743 1048 2801 et
1067 2734 1210 2820 eorporis
1232 2731 1318 2818 eupi-

270 2851 388 2918 ditetss
410 2859 442 2918 ct
462 2851 612 2919 libidines
632 2853 773 2919 ferocior
793 2863 864 2919 eret
884 2861 918 2919 et
937 2850 1210 2940 intemperantior,
1237 2849 1318 2916 illud

268 2971 401 3053 uitium,
432 2971 484 3036 eui
505 2969 689 3059 usquslium
718 2970 787 3036 eius
815 2969 1067 3036 innumerabiles
1093 2966 1316 3053 indulgebant,

270 3089 423 3174 nequiore
443 3087 549 3153 culmo
571 3110 637 3153 non
656 3087 772 3154 feret?

353 3203 500 3272 Catullus
520 3203 621 3291 igitur
642 3200 858 3290 pulcritudine
878 3201 1022 3268 quentii
1043 3209 1155 3290 coptus
1174 3201 1316 3268 msximo

269 3322 363 3411 pueri
401 3321 567 3388 occulendi
600 3320 760 3387 desiderio
790 3321 869 3388 ersit
896 3319 952 3404 (cf.
983 3340 1111 3386 carmen
1140 3319 1315 3404 xxxxvm).

270 3462 335 3528 quo
356 3439 505 3506 incensus
528 3461 600 3504 cum
621 3461 722 3528 puero
743 3437 888 3504 osculum
909 3436 1124 3525 surripuisset,
1145 3435 1316 3502 quentius

268 3565 385 3645 poetes
412 3557 514 3624 umori
543 3579 652 3623 umore
677 3579 743 3624 uon
768 3554 964 3644 respondens
985 3554 1026 3621 ud
1046 3552 1177 3620 modurn
1199 3552 1316 3620 durum

269 3673 456 3761 sogessit:
478 3695 542 3762 qus
574 3674 614 3741 ds
647 3695 683 3739 re
705 3673 927 3762 ,qucrimoniss
956 3671 1080 3738 flebiles
1109 3671 1144 3737 in
1173 3672 1316 3737 ommino

269 3811 449 3858 nxxxxvun
472 3789 618 3860 Catullus
639 3789 805 3858 effundit:
