2970 4484
337 311 416 364 vml
449 311 497 364 DE
515 311 676 364 canem
693 312 740 364 MP
757 309 987 364 consumeres
1139 314 1187 364 198

139 498 240 565 quam
257 477 450 544 inconcinne
479 479 576 544 tertia
605 487 759 566 nequatur
780 477 873 544 huius
894 499 1006 544 aeneua
1026 502 1034 544 ε
1054 471 1189 561 ideone,

140 593 265 662 caeam
287 605 321 662 et
340 594 490 684 Pompei,
519 597 632 664 orbem
659 605 817 662 terrarum
845 604 949 662 totum
978 589 1191 684 diripuistiai’

139 733 249 802 neque
280 733 394 780 uerene
423 713 465 778 23
497 723 531 780 et
560 713 622 790 24,
653 713 730 802 quia
751 713 792 779 de
814 710 971 780 Caesaria-
992 721 1025 779 et
1056 711 1190 802 Pompei

141 829 379 918 direptionibus
406 841 491 913 eunt,
519 830 628 897 idonei
645 852 714 898 ease
741 829 894 896 uidentur
922 831 1038 918 quibua
1059 852 1189 897 carmen

140 947 176 1012 in
197 947 397 1014 Mamurram
418 947 575 1014 directum
597 946 681 1014 liniri
701 947 802 1036 poeait
822 970 830 1013 a
852 969 959 1014 nonne
981 947 1065 1014 euim
1086 948 1187 1016 multo

140 1065 248 1154 magia
282 1075 534 1132 cousentaneum
565 1074 615 1132 cat
646 1067 835 1148 orationem,
867 1085 951 1153 quae
982 1063 1016 1131 in
1049 1065 1190 1132 carmine

140 1182 246 1271 primo
277 1204 299 1248 a
329 1181 513 1250 Mamurrae
545 1180 661 1271 opibus
695 1181 916 1270 uituperenrlie
949 1183 1043 1264 exiit,
1078 1181 1190 1248 eodem

139 1301 174 1367 iu
204 1299 347 1366 carmine
376 1311 522 1368 extremo
547 1299 694 1367 reuerti?
735 1322 850 1388 neque,
872 1300 899 1366 ei
919 1299 1018 1365 libroe
1040 1298 1190 1366 Catullia-

140 1439 202 1484 uoa
233 1419 426 1501 omittimus,
457 1418 557 1484 ullum
586 1417 805 1484 teatimonium
834 1418 989 1506 scriptum
1010 1416 1102 1484 adeat
1123 1439 1188 1505 quo

138 1651 183 1718 ait
203 1673 212 1714 ε
233 1672 309 1717 nam
337 1672 451 1718 uersus
481 1653 630 1740 uigeeimi
654 1652 760 1740 quarti
781 1651 917 1718 imitatio
939 1661 1054 1739 poetae
1073 1651 1188 1719 incerti

139 1768 189 1852 (in
219 1767 356 1856 Vergilii
381 1767 474 1834 catal
502 1770 524 1834 3
551 1771 572 1835 6
603 1768 672 1836 siue
698 1768 732 1835 iu
762 1769 886 1857 Meyeri
918 1767 1086 1856 antholog.
1114 1768 1190 1836 Lat.

141 1885 203 1952 103
232 1885 268 1968 6)
302 1883 344 1952 ad
374 1885 596 1973 quaestionem
631 1907 728 1974 quam
759 1883 918 1952 mouimus
951 1885 1189 1954 diiudicandum

138 2003 272 2070 omniuo
298 2002 378 2068 nihil
400 2002 534 2070 confert
576 2012 611 2070 at
631 2002 784 2090 grauiora
805 2002 902 2070 etiam
923 2015 1115 2089 argumenta
1136 2006 1189 2073 arl-

138 2129 219 2187 aunt
247 2117 365 2208 quibua
390 2140 503 2185 uerene
529 2118 610 2186 duos
637 2129 799 2187 extremos
823 2120 895 2188 loco
917 2119 1022 2188 alieno
1044 2122 1188 2190 inlibris

138 2233 280 2324 ecriptoe
294 2257 365 2302 oeae
379 2236 521 2324 adparet.
557 2235 731 2305 Gaesarem
753 2247 784 2303 et
797 2237 987 2326 Pompeium
1002 2237 1188 2306 Mamurrae

137 2353 255 2420 fauere
275 2351 421 2421 Catullus
442 2355 576 2421 moleste
601 2355 675 2422 lert.
718 2378 855 2444 quorum
877 2356 965 2446 prior
985 2357 1019 2422 in
1040 2357 1187 2424 uersibus

137 2471 255 2558 quinto
270 2493 355 2538 nono
375 2470 554 2556 undecimo,
577 2471 716 2562 denique
732 2496 796 2540 una
810 2496 883 2540 cum
894 2473 1050 2564 Pompeio
1065 2497 1187 2563 genero

137 2609 200 2655 euo
229 2589 263 2654 in
290 2588 403 2654 ultimo
433 2599 544 2678 aperte
570 2599 867 2658 commemoratur:
896 2591 1032 2680 Pompei
1059 2602 1188 2680 praeter

138 2727 273 2772 ueraum
299 2706 448 2772 ultimum
474 2707 562 2774 nulla
583 2730 715 2796 proraue
734 2709 856 2776 mentio
877 2709 963 2776 facta
984 2718 1044 2776 eet.
1086 2709 1185 2776 nihilo

139 2824 249 2890 minua
269 2834 378 2890 tamen
399 2823 526 2890 indiciis
545 2847 611 2893 nou
625 2825 722 2892 nullia
736 2827 912 2893 clarissime
926 2837 1015 2916 patet
1030 2827 1063 2892 in
1078 2827 1189 2916 priori·

138 2942 201 3008 bue
230 2962 361 3030 quoque
386 2941 536 3009 carminis
562 2943 708 3009 uersibus
729 2943 920 3033 Pompeium
941 2944 1101 3012 fautorem
1122 2943 1190 3009 Ma·

137 3081 269 3126 murrae
283 3083 304 3125 a
317 3057 446 3126 Oatullo
461 3060 655 3148 castigatum
670 3060 778 3126 fuiaae.
821 3084 962 3150 namque
984 3071 1017 3129 et
1037 3061 1071 3128 iu
1093 3083 1189 3128 uersu

137 3177 236 3244 tertio
258 3175 384 3244 decimo
404 3175 571 3246 Mamurra
597 3173 702 3244 clatra
730 3177 874 3263 defructu
895 3181 1026 3245 martula
1046 3177 1189 3245 nomina·

136 3303 192 3360 tur
219 3313 326 3382 neque
351 3288 417 3361 ‘tua
434 3295 594 3378 mentula',
621 3316 815 3383 quamquam
837 3293 957 3363 Caesar
985 3295 1071 3363 aolus
1093 3305 1189 3363 autea

136 3421 411 3480 commemoratus
427 3423 485 3496 eat,
508 3423 541 3479 et
560 3414 593 3480 iu
608 3435 704 3481 uereu
719 3413 982 3502 duodeuigeaimo
1000 3416 1085 3481 iuter
1099 3437 1189 3502 prae

136 3528 195 3594 alae
226 3549 246 3592 a
271 3527 437 3594 Mamurra
463 3531 628 3598 confectae
656 3531 826 3599 Ponticam
855 3529 1004 3599 Catullus
1034 3531 1187 3620 adpellat,

136 3667 220 3734 qua,
241 3655 278 3712 ut
298 3645 462 3735 Hauptiue
483 3648 660 3714 rectissime
682 3648 806 3733 docuit,
836 3648 973 3738 Pompei
995 3650 1148 3738 praedam
1170 3673 1191 3716 a

135 3761 327 3830 Mithridate
348 3773 546 3852 reportatam
568 3763 773 3853 significauit
816 3765 956 3853 denique
977 3767 1009 3833 in
1032 3789 1128 3834 uerau
1146 3768 1185 3832 21

134 3881 238 3949 uerbo
278 3881 395 3970 plurali
435 3881 551 3962 fmata'a
591 3903 650 3970 par
692 3881 770 3949 illud
804 3882 989 4049 Mamurra}
1024 3885 1186 3950 lautorum

949 3987 964 4046 1
