2970 4484
430 345 453 396 X
488 343 537 396 DE
555 343 733 396 vulturium
752 341 799 394 ΕΤ
816 340 980 394 FABVLLO
1180 341 1228 392 951

182 521 233 579 tro
256 509 444 578 udorueudo
466 534 531 577 nou
562 511 638 576 dum
668 509 776 576 omnic
806 507 952 575 coniectu
979 516 1072 575 orout
1099 507 1156 594 (cf.
1178 505 1230 574 Gi·

183 649 331 695 oeroncm
354 627 395 694 cd
417 627 564 694 Atticum
586 649 627 694 uu
649 627 702 712 9),
732 625 848 714 partim
876 623 952 690 inde
973 621 1060 711 quod
1082 622 1230 690 Valerius

181 743 346 811 Maximus
381 742 637 812 memorabilium
669 767 689 808 ιι
722 743 743 808 4
773 743 794 808 6
826 741 1019 830 Pompeium
1061 741 1154 830 equis
1196 741 1229 807 in

181 861 342 928 theatrum
352 881 410 949 per
420 861 550 928 semitas
564 860 669 928 ductis
684 861 885 926 uestinum
901 861 1062 925 feruorem
1077 859 1230 926 minuisse

182 975 326 1044 usrrcuit
347 977 405 1063 (cf.
420 976 601 1042 Drumcnni
619 976 772 1045 historiae
786 976 954 1044 Romanae
969 1000 1008 1042 uu
1022 977 1109 1060 523).
1144 976 1229 1043 unde

182 1094 331 1161 conicere
345 1092 431 1160 houd
446 1092 512 1158 scio
529 1115 570 1158 sn
584 1091 680 1158 liceat
700 1093 831 1181 prims
851 1102 974 1160 cestute
989 1093 1141 1160 Pisonem
1155 1117 1229 1160 cum

181 1209 300 1276 Porcio
344 1207 536 1277 Socraticus
576 1211 741 1276 Verennio
781 1209 918 1278 Fabullo
954 1211 1067 1278 ceteris
1101 1209 1230 1278 Italiam

183 1327 307 1394 rediise.
348 1326 458 1416 itaque
481 1327 558 1392 Piso
580 1328 660 1393 duos
685 1349 786 1394 anuos
808 1339 841 1394 et
862 1326 1025 1396 dimidium
1046 1327 1080 1394 in
1101 1325 1230 1416 prouin-

183 1443 232 1509 cis
258 1444 338 1526 fuit,
372 1442 460 1532 quod
487 1445 643 1531 temporis
669 1445 807 1533 spatium
828 1443 944 1515 Cicero
971 1447 1005 1511 iu
1032 1445 1229 1514 Pisonisnee

180 1561 222 1626 35
242 1560 284 1626 86
305 1560 400 1626 nimis
414 1559 506 1648 largo
518 1556 667 1630 ‘triennii’
679 1563 810 1630 nomine
824 1563 1030 1651 designauit:
1051 1562 1146 1628 simili
1161 1559 1229 1628 ueri

181 1676 397 1765 mpcrlstione
424 1677 457 1745 in
481 1678 622 1746 eiusdem
651 1679 805 1746 orationis
825 1681 868 1746 40
894 1679 934 1745 97
965 1678 1007 1744 de
1027 1679 1119 1746 trinis
1139 1679 1229 1746 Piso

180 1793 231 1859 nis
252 1793 284 1858 in
307 1793 498 1860 Macedouis
527 1795 681 1864 confectis
709 1795 839 1862 aestiuis
864 1797 992 1864 locutus
1021 1805 1070 1862 est
1090 1819 1098 1862 ε
1120 1807 1229 1864 temen

181 1911 294 1978 eodem
316 1911 469 1978 hocloco
490 1912 578 1978 tertii
600 1934 729 2000 quoque
748 1914 824 1980 unni
849 1913 966 1980 bonum
992 1923 1117 2001 purtem
1139 1913 1228 1980 Piso·

180 2049 255 2094 uem
286 2029 320 2094 in
350 2028 518 2116 prouincia
554 2038 786 2096 commoratum
818 2051 889 2098 csse
925 2032 1090 2119 probetur.
1144 2051 1229 2120 quse

181 2165 254 2210 cum
285 2145 331 2211 its
358 2145 439 2226 sint,
474 2145 664 2213 temeritatis
693 2147 808 2236 opinor
835 2171 899 2214 uon
928 2149 1169 2230 accusabimur,
1201 2145 1228 2212 si

181 2262 325 2328 carmine
345 2284 446 2328 xxvnr
469 2268 659 2330 ccxxxxvii
682 2263 788 2331 medio
816 2266 884 2333 fere
909 2287 994 2334 enno
1015 2264 1133 2345 699155
1154 2286 1228 2331 con·

178 2379 265 2446 fecte
287 2400 357 2445 erse
378 2379 593 2446 adfirmamus.
