2970 4484
321 385 396 437 vnn
430 387 478 438 nn
497 361 657 440 consano
673 387 721 440 nr
739 386 966 442 corennum
1119 392 1166 442 ror

249 575 279 620 m
321 577 381 619 noa
402 551 514 619 Ladas
534 576 588 640 oye
606 554 787 640 pinnipesve
807 553 947 639 Perseus,

318 693 378 736 non
399 669 498 737 Rheni
515 673 623 737 nime
645 673 779 758 ct'taequc
800 671 921 760 bique:

317 787 398 852 addc
418 790 476 853 too
492 789 688 875 plumipedes
708 791 898 876 uolentesque

316 915 531 992 centoremque
551 905 647 971 simul
665 905 787 992 require
808 929 964 971 currum:

319 1045 394 1109 quoa
414 1033 551 1100 euectos,
574 1021 708 1106 Comari,
730 1021 957 1100 matrimomo,

248 1161 278 1207 eo
319 1137 465 1224 desumo
485 1153 582 1204 tomen
602 1139 738 1206 omnibus
758 1141 892 1206 medullis

319 1268 348 1320 ot
366 1257 469 1322 mute
489 1256 666 1344 torquetur
684 1279 810 1342 peremto

247 1393 280 1439 aa
321 1393 416 1437 casem
438 1385 465 1436 te
485 1375 562 1454 moda}
584 1377 687 1456 omme,
708 1375 912 1460 wiomado.

249 1513 277 1557 aa
320 1487 373 1554 dic
392 1490 480 1555 nobie
499 1490 554 1555 noi
572 1489 619 1556 aia
631 1489 774 1577 summa,
796 1493 849 1555 ede

318 1609 471 1691 audacter,
492 1609 643 1674 commr'ttc
664 1611 751 1674 crede
771 1608 862 1673 hacm'.

112 1809 170 1876 red
210 1829 269 1876 our
306 1829 419 1874 uerene
455 1805 567 1873 decem
601 1808 660 1873 hoa
690 1817 763 1896 poet
795 1829 924 1873 carmen
954 1827 1031 1874 Lvrrr
1062 1807 1167 1875 acribo

109 1924 287 2014 archetypi
308 1922 517 1991 conlocauit?
550 1946 603 1991 rea
624 1923 669 1990 ite
690 1924 858 1992 rehabere
873 1924 1011 1992 uidetur.
1049 1925 1166 1992 erroris

107 2043 195 2109 illiue
226 2042 280 2108 ille
308 2039 369 2108 eibi
398 2063 463 2106 non
492 2039 582 2128 priua
614 2042 761 2108 conscius
789 2043 895 2108 factus
924 2052 975 2108 cst
1004 2065 1102 2132 quam
1132 2044 1166 2108 in

108 2159 261 2228 carmine
302 2179 357 2225 Lvr
397 2158 566 2226 scribendo
603 2161 666 2226 iam
702 2171 877 2248 occupatus
913 2169 993 2226 erat.
1023 2145 1029 2160 ⁸
1056 2160 1167 2249 itaque

106 2289 241 2346 tantum
262 2297 413 2344 uersuum
434 2297 602 2344 numerum
623 2285 696 2366 post
711 2278 859 2343 ultimum
874 2277 1022 2343 carminis
1037 2297 1082 2342 nv
1096 2299 1166 2343 uer·

107 2419 183 2462 eum
201 2415 399 2484 quamquam
414 2392 587 2460 interstitio
609 2416 629 2459 a
649 2395 797 2482 proximo
820 2393 961 2460 carmine
983 2405 1166 2482 separatum

108 2513 236 2581 addere
257 2511 368 2578 autin
392 2512 539 2598 margine
565 2512 730 2600 adponere
753 2531 817 2578 non
842 2511 959 2578 licebat
980 2522 1036 2578 aut
1056 2522 1166 2600 aptum

107 2653 174 2698 nou
200 2638 290 2714 erat,
321 2628 379 2696 aed
408 2629 509 2696 natiue
540 2649 612 2696 eoae
634 2628 804 2696 uidebatur
824 2629 896 2697 illos
919 2650 1004 2717 pone
1027 2650 1165 2718 sequens

108 2771 245 2816 carmen
268 2746 482 2836 perscriptum
505 2747 642 2814 adicere.
686 2769 758 2813 cum
779 2769 858 2813 uero
881 2746 914 2812 in
936 2747 1084 2835 exemplo
1106 2770 1164 2814 suo

108 2865 223 2952 (sicuti
244 2864 279 2931 in
299 2863 419 2930 nostrie
436 2865 527 2931 libris
542 2861 733 2932 Catulliania
754 2865 818 2950 eet)
834 2887 945 2931 omnes
961 2887 1074 2932 nereus
1090 2864 1165 2932 inde

110 2984 155 3050 ab
178 3003 235 3049 nvr
259 2983 275 3046 1
298 3003 402 3071 unque
425 2981 464 3047 ad
487 3001 564 3048 Lvrrr
585 2983 607 3050 5
628 3005 692 3048 uno
714 2983 804 3048 uelut
828 2991 939 3048 tenore
967 2984 1165 3070 peracriptoe

110 3111 145 3169 et
155 3099 247 3167 nullo
259 3099 433 3166 interstitio
445 3099 587 3167 admieao
604 3100 813 3166 cohaerentes
828 3099 935 3166 scriba
950 3099 1084 3184 uideret,
1102 3100 1164 3167 illia

111 3217 267 3284 omnibus
288 3237 389 3282 onum
410 3217 495 3284 effici
522 3239 652 3284 carmen
672 3217 799 3306 putauit
820 3217 958 3306 ideoque
976 3228 1051 3304 poet
1071 3217 1165 3284 huius

109 3337 222 3418 finem,
245 3334 301 3425 qui
313 3334 487 3402 interstitio
503 3335 588 3400 inter
609 3353 686 3401 Lvnr
707 3337 729 3400 5
750 3345 783 3401 et
805 3354 894 3401 Lvrrn
919 3333 1164 3419 lindioobatur,

109 3473 229 3520 nereus
250 3449 402 3518 carminis
424 3471 468 3517 ιν
489 3449 578 3539 priua
601 3450 735 3517 omicron
757 3449 918 3539 adposuit.

220 3601 308 3687 Sed,
345 3613 381 3669 ut
414 3601 455 3668 ad
488 3624 616 3668 carmen
647 3623 759 3668 xxvnn
796 3603 945 3686 redeam,
980 3625 1066 3669 noua
1100 3602 1164 3670 iam

112 3720 263 3810 quaestio
296 3719 442 3787 exoritur
471 3742 549 3786 num
582 3741 694 3786 nerana
725 3719 764 3784 21
797 3730 830 3786 et
858 3721 900 3785 22
931 3743 1059 3787 carmen
1091 3731 1166 3809 apte

112 3839 310 3908 concludere
329 3837 463 3926 possint.
508 3835 595 3926 quod
617 3835 745 3903 omnino
766 3836 1010 3904 concedendurn
1032 3846 1091 3902 eat.
1131 3849 1167 3903 ut

111 3957 180 4026 iam
201 3978 301 4046 cupra
321 3955 478 4040 indicaui,
500 3965 597 4044 poeta
615 3953 655 4020 ad
678 3977 715 4021 ea
736 3977 820 4043 qnae
841 3954 933 4021 initio
955 3953 1105 4022 carminis
1127 3953 1166 4020 de
