2954 4492
420 355 443 404 V
477 357 527 408 DE
543 357 720 409 sucumve
738 353 891 410 cervum
1149 359 1198 410 103

147 521 353 608 perspicitur.
397 532 511 610 stupra
538 520 661 588 incesta
694 545 831 611 querum
852 525 884 588 in
907 524 1049 589 carmine
1071 543 1198 590 Lxxxxr

145 638 268 706 mentio
303 639 341 706 fit
368 639 566 706 carminibus
594 651 747 728 quattuor
772 640 956 707 adcuratius
977 641 1200 708 inlustrantur.

146 755 188 821 de
214 757 343 824 incestu
373 757 458 822 enim
486 756 604 844 triplici
645 779 743 846 quem
783 756 909 824 Gellius
940 781 1013 824 curn
1038 768 1141 825 matre
1169 766 1201 824 et

147 897 221 938 curn
250 895 366 939 serere
398 895 553 961 germana
582 885 615 940 et
643 897 715 940 cum
735 876 841 962 patrui
864 875 997 940 muliere
1025 875 1103 941 fecit
1134 897 1200 940 car

146 991 236 1056 mina
256 1001 333 1056 sunt
355 1009 502 1056 Lxxxvnr
537 990 624 1069 Quid
643 989 724 1073 fucs't
743 992 789 1072 s's,
820 991 919 1074 Gaui,
940 993 999 1078 qui
1016 1015 1085 1056 cnm
1106 1003 1201 1056 matre

146 1121 239 1195 etque
261 1131 369 1174 surore
390 1117 423 1172 ct
437 1127 593 1173 uxxxvuu
611 1107 731 1173 Gellius
752 1121 797 1172 est
817 1109 923 1174 tennis.
967 1109 1043 1195 quid
1063 1109 1103 1174 πί
1113 1114 1129 1170 t
1149 1109 1205 1173 eus‘

146 1237 208 1290 tam
230 1225 317 1290 bmsc
337 1236 440 1288 meter.
483 1222 584 1289 selum
600 1223 756 1289 incestum
779 1246 851 1289 curn
872 1234 975 1290 matre
996 1223 1201 1290 commissum

147 1351 245 1430 pecta
267 1341 411 1407 carmine
429 1360 545 1406 Lxxxx
565 1340 721 1406 Nascatur
741 1365 850 1430 meque
871 1364 911 1406 ece
934 1343 1020 1408 Gens·
1035 1347 1202 1428 matrisque

146 1457 291 1544 nefande
312 1459 467 1546 exagitat,
489 1467 601 1523 centra
623 1458 725 1524 selum
748 1481 819 1523 eum
835 1459 942 1546 patrui
963 1479 1065 1524 uxore
1079 1458 1201 1524 fectum

146 1574 310 1664 flagitium
332 1573 473 1642 carmine
496 1593 608 1639 Lxxrus
631 1574 754 1640 Gellius
775 1574 917 1639 audierat
934 1587 1081 1660 patmum
1103 1575 1202 1640 ottae

144 1715 223 1779 pare
245 1693 344 1758 solere
363 1691 604 1779 perstringitur.
648 1690 788 1778 denique
810 1714 851 1756 ne
873 1690 949 1780 quid
971 1690 1084 1777 flagitii
1106 1691 1199 1774 desit,

149 1807 301 1876 Catullus
322 1808 464 1874 carmine
485 1827 579 1873 nxxx
603 1807 689 1886 Quid
707 1809 829 1891 dicam,
862 1808 963 1890 Gelli,
996 1831 1091 1894 qnare
1111 1831 1202 1872 resec

147 1926 212 1990 iste
232 1925 345 1990 labella
366 1923 463 1992 Gellii
491 1923 664 1989 nefandam
692 1924 824 1990 fellandi
856 1923 1023 1990 libidinum
1052 1924 1202 2011 castigat.

234 2041 307 2106 Iam
329 2041 356 2106 si
378 2063 397 2106 e
417 2039 550 2124 Galliis,
584 2039 624 2106 de
656 2041 772 2128 quibus
793 2041 965 2128 scriptores
987 2050 1114 2107 ueteres
1135 2062 1200 2107 neu

146 2158 238 2224 nulls
259 2159 463 2241 rettulerunt,
486 2179 560 2224 eum
575 2159 696 2245 eligere
712 2157 877 2224 studemus
892 2160 924 2224 in
940 2179 1037 2246 quem
1054 2156 1202 2225 Catullus

148 2275 297 2342 carmina
317 2285 442 2362 septem
462 2275 541 2340 haec
561 2275 743 2362 scripserit,
776 2273 840 2340 due
872 2273 970 2342 Gellii
1002 2275 1095 2341 nobis
1128 2277 1205 2341 effe·

148 2403 277 2474 rantur,
299 2390 340 2458 dc
355 2414 492 2480 quorum
508 2401 647 2477 utreque
661 2392 798 2476 cogitari
813 2403 919 2481 petest
940 2402 972 2459 et
993 2392 1056 2457 iam
1081 2391 1201 2458 dudum

149 2531 169 2576 a
190 2509 272 2575 uiris
293 2509 397 2576 doctis
417 2509 596 2595 cogitatum
617 2519 674 2574 est.
718 2507 816 2576 Gellii
830 2519 944 2575 contre
958 2531 1076 2576 nemen
1093 2510 1203 2577 fictum

150 2651 222 2694 esse
244 2650 303 2715 pre
324 2649 404 2694 uere
426 2626 534 2716 ulique
556 2627 767 2692 substitutum
791 2625 869 2692 nihil
890 2649 1021 2714 prorsus
1044 2637 1092 2692 est
1114 2627 1203 2714 quod

149 2746 270 2832 prebet
290 2765 396 2831 neque
424 2742 485 2808 hec
509 2763 663 2830 umquam
686 2742 856 2830 quisquam
879 2743 965 2831 qued
988 2745 1088 2809 seiam
1109 2743 1205 2810 adfir-

150 2861 264 2928 mauit.
316 2883 391 2926 nam
424 2881 508 2950 quac
538 2859 758 2925 Bernherdius
792 2859 825 2925 in
862 2859 995 2926 historia
1024 2861 1204 2928 litterarum

150 2979 375 3044 Romanarum
396 3001 427 3065 p.
449 2977 512 3042 514
532 2977 577 3042 ait
597 2976 744 3064 Lipsium
770 2975 932 3042 uariarum
954 2975 1130 3043 lectionum
1154 3000 1160 3041 ι
1185 2977 1206 3041 5

151 3093 296 3163 Gellium
318 3093 506 3160 docuisses
529 3091 657 3160 Catulle
686 3115 747 3181 pre
770 3093 884 3160 Clodio
907 3095 1110 3160 nominatum
1135 3115 1205 3160 esse

150 3213 324 3280 falsissima
346 3221 430 3293 sunt,
451 3233 526 3277 cum
548 3211 676 3299 Lipsius
697 3211 751 3276 ille
773 3212 841 3277 lece
864 3233 929 3276 nou
945 3222 1011 3276 tam
1029 3211 1070 3278 de
1086 3210 1204 3290 Gellio,

151 3353 248 3418 quam
272 3329 314 3395 de
335 3328 455 3394 Lesbio
478 3350 516 3394 ea
537 3328 657 3394 dixerit
679 3351 763 3418 quse
785 3351 884 3416 supra
903 3350 934 3415 p.
950 3327 991 3394 89
1012 3329 1206 3396 rettulimus.

153 3447 334 3516 Gelliemm
357 3446 458 3533 igitur
479 3447 562 3513 alter
577 3445 705 3513 Gellius
719 3446 886 3512 Publicola
907 3455 956 3511 est
977 3447 1041 3529 ille,
1061 3445 1093 3512 in
1112 3469 1208 3535 quem

151 3563 269 3634 Gieerc
299 3585 373 3630 eum
401 3563 472 3628 aliis
498 3563 577 3628 locis
607 3571 676 3628 tum
706 3563 738 3628 in
763 3560 914 3630 Sestiana
935 3563 1139 3628 acerbissime
1160 3565 1206 3629 in·

153 3693 266 3749 uectus
289 3691 347 3748 cst.
389 3680 475 3746 hunc
497 3705 516 3746 e
538 3678 668 3748 Catullo
694 3702 824 3768 queque
849 3678 1044 3746 carminibus
1073 3680 1134 3745 illis
1155 3703 1209 3746 nc·

153 3811 256 3868 tetum
290 3820 363 3866 csse
386 3807 460 3886 post
481 3797 662 3863 Antonium
683 3795 894 3864 Parthenium
918 3796 1065 3863 Muretus
1087 3797 1210 3862 Turne-

151 3921 211 3986 bus
240 3917 425 4004 (eduersar.
447 3937 501 3980 xxi
526 3913 579 4000 11)
608 3911 732 3980 Statius
763 3912 927 3981 Manutius
957 3913 1095 4002 Vulpius
1126 3911 1210 3978 Dru·
