3002 4490
511 347 575 400 xm
609 347 658 400 Dlt
674 345 815 398 ostoun
1141 350 1191 402 809

141 517 205 584 hoe
227 537 269 584 ex
291 516 363 582 loco
386 513 544 584 Catonem
565 513 789 600 cognoscimus
811 512 1006 580 carminibus
1026 515 1193 582 amatoriis

142 634 255 723 eisque
284 655 303 698 a
329 632 492 720 grauitate
511 631 606 698 ualde
628 630 875 698 abhorrentibus
896 625 1014 716 (‘lcuia’
1035 630 1194 721 adpellan-

140 751 210 837 tur)
230 770 362 838 operam
388 748 534 832 dedisse,
556 748 603 814 ita
625 747 709 813 ntis
731 747 893 814 seueriore
914 747 1084 837 supercilio
1105 770 1194 814 acce-

139 867 225 956 pisse
247 865 325 934 illud
347 865 467 933 catuli
490 885 618 931 carmen
640 885 704 931 non
734 865 777 930 sit
796 863 960 952 putandus
979 887 988 932 ε
1010 865 1100 932 cuius
1122 865 1193 932 obs·

139 983 283 1050 caenitas
326 983 386 1050 etsi
431 981 525 1048 nobis
564 979 728 1046 festidium
771 979 979 1071 taediumque
1015 981 1190 1048 maximum

140 1109 271 1182 mouet,
301 1108 411 1166 tamen
441 1097 591 1164 obliuisci
622 1119 687 1164 nou
717 1097 871 1165 debemus
903 1108 1058 1186 quantum
1090 1098 1191 1166 nostri

139 1237 248 1283 mores
269 1214 391 1282 distent
417 1213 459 1282 ab
480 1214 623 1282 moribus
653 1215 902 1302 corruptissimis
923 1224 956 1282 et
976 1217 1191 1304 inquinatissi-

139 1335 202 1399 mis
232 1333 363 1400 illorum
401 1342 598 1422 temporum,
632 1331 748 1420 quibus
780 1353 951 1420 puerorum
979 1333 1190 1402 delicatorum

140 1451 330 1538 corporibus
356 1449 421 1516 frui
441 1471 494 1514 res
517 1459 586 1516 erat
607 1448 746 1515 maxime
767 1450 911 1536 uulgaris
933 1459 967 1518 et
987 1472 1007 1515 a
1027 1449 1104 1517 uiris
1127 1473 1190 1516 am·

139 1567 292 1656 piissimis
306 1575 432 1634 tantum
452 1588 516 1632 non
531 1566 639 1654 palam
656 1575 731 1633 ante
750 1567 892 1634 omnium
908 1569 1019 1634 oculos
1036 1541 1189 1634 enercite.

139 1686 252 1773 itaque
281 1683 433 1772 aequales
462 1682 590 1771 plurimi
616 1681 737 1751 Catulli
767 1707 832 1750 non
860 1695 925 1750 tum
955 1685 1189 1773 turpitudinem

139 1800 227 1867 illius
257 1799 410 1866 carminis
440 1801 580 1867 auerecti
609 1809 683 1866 sunt
709 1823 807 1888 quam
835 1822 903 1866 rem
935 1803 1077 1868 iocosam
1098 1797 1191 1890 ‘quae

139 1917 227 2006 quod
257 1916 398 2004 pruriret
425 1917 558 1983 incitare
589 1911 706 2006 poeeet'
733 1918 882 1986 riserunt.
933 1918 1018 2007 quod
1046 1930 1083 1986 ut
1113 1919 1190 1986 item

139 2035 262 2100 faceret
281 2029 439 2101 Catonem
461 2033 609 2102 Catullus
631 2035 777 2103 hortatus
799 2045 877 2104 est:

342 2210 453 2276 Orem
472 2209 643 2288 reuredum,
667 2209 750 2294 Octo,
772 2223 800 2277 el
821 2211 955 2278 meorum

341 2327 524 2415 dsyuumque
544 2329 669 2393 curibus
690 2340 719 2393 et
740 2341 790 2394 luo
811 2331 972 2396 cuelliuuo.

340 2444 415 2527 ride,
436 2443 583 2534 quicquid
602 2469 700 2524 umas,
723 2446 807 2523 caso,
831 2445 1008 2512 emtum:

339 2585 390 2626 rea
412 2575 458 2626 eat
478 2561 615 2628 ridicula
635 2575 663 2627 et
682 2562 777 2628 nimia
799 2569 910 2630 sboocu.

138 2737 226 2826 quod
255 2737 479 2805 commercium
506 2737 664 2805 familiare
686 2739 770 2806 inter
792 2737 951 2806 Catonem
971 2747 1004 2806 et
1025 2737 1190 2808 Catullum

137 2855 357 2923 intercessisse
379 2855 573 2921 conieeimus
595 2857 700 2944 magis
722 2879 819 2946 quam
834 2855 1134 2941 demonstrauimus,
1155 2879 1190 2924 re

139 2995 220 3040 uera
240 2973 339 3040 iuuisse
368 2973 509 3040 maxime
537 2973 706 3062 probabile
732 2975 913 3058 uidebitur,
948 2975 1027 3042 haec
1059 2975 1085 3040 si
1116 2997 1190 3041 con·

141 3089 282 3158 siderate
304 3099 406 3158 erunt.
450 3097 568 3178 poetae
589 3090 698 3156 Latini
725 3093 780 3178 qui
809 3091 973 3158 decenniis
1002 3091 1121 3158 sacculi
1148 3091 1190 3158 ab

141 3207 222 3274 urbe
245 3207 376 3275 condite
397 3208 525 3296 septimi
547 3207 668 3274 ultimis
698 3208 896 3292 floruerunt,
930 3208 956 3274 si
983 3231 1049 3274 non
1081 3230 1191 3276 omnes

140 3323 194 3389 uel
215 3323 355 3412 plurimi,
377 3333 485 3390 nmen
508 3323 599 3392 multi
621 3334 653 3390 et
674 3324 897 3393 communione
916 3327 1095 3393 studiorum
1116 3347 1191 3415 poe·

139 3443 276 3510 ticorum
307 3441 449 3529 quadam
482 3451 514 3509 et
545 3441 675 3508 uinculo
704 3441 865 3509 amicitiae
895 3465 934 3509 sc
964 3441 1191 3512 familiaritatis

140 3561 305 3626 coniuncti
338 3559 481 3625 luerunt.
524 3558 612 3644 quod
632 3559 805 3648 praecipue
825 3561 858 3627 in
881 3569 994 3647 poetas
1016 3560 1088 3626 illos
1109 3583 1191 3649 quos

141 3675 280 3744 Ouidius
307 3676 379 3742 loco
408 3675 549 3742 tristium
581 3675 670 3742 ouius
700 3697 796 3742 usum
824 3677 887 3743 iam
910 3676 1037 3765 saepius
1057 3677 1191 3743 fecimus

140 3792 344 3861 enumeruuit
365 3791 433 3860 siue
455 3791 542 3862 cadit
563 3793 631 3860 siue
652 3793 768 3861 eadere
789 3793 935 3876 uidetur,
964 3795 997 3861 iu
1024 3795 1134 3882 primis
1155 3795 1187 3860 in

139 3910 304 3981 Catullum
326 3908 464 3977 Caluum
485 3909 632 3978 Ticidam
658 3907 845 3978 Memmium
868 3907 1005 3978 Cinnam
1027 3910 1186 3978 Auserem
