2950 4480
757 517 860 587 XXV

361 621 506 721 Cinea
528 655 655 734 neure,
677 656 809 723 moute
838 657 985 722 eunoun
1007 657 1130 742 capillo

360 774 415 839 uel
437 775 564 840 anseris
586 775 768 841 medullula
789 776 845 841 uel
866 776 971 840 imula
993 776 1148 842 auricilla

360 894 417 959 uel
438 913 521 976 pene
543 893 699 978 laugtndo
726 896 814 960 senis
836 896 969 977 situque
995 913 1161 973 araneoso,

360 1011 516 1094 idemque
538 1011 657 1078 Thalle
677 1014 812 1081 turbida
833 1016 982 1099 rapacior
1003 1013 1154 1097 procella,

316 1131 337 1196 5
360 1151 436 1196 oum
458 1131 548 1196 Diua
569 1137 773 1199 munerarios
795 1134 939 1199 ostendit
960 1133 1146 1210 oscitantes,

359 1250 491 1316 remitte
512 1250 654 1333 pallium
674 1251 759 1318 mihi
780 1273 901 1330 meum,
930 1251 1017 1335 quod
1038 1249 1206 1326 inuolasti,

359 1366 594 1450 sudariumque
617 1370 789 1437 saetabum
817 1370 1097 1456 catagraphosque
1122 1368 1254 1454 thynos,

359 1488 477 1571 inepte,
500 1507 583 1569 quae
604 1489 717 1572 palam
738 1489 825 1555 soles
847 1489 967 1554 habere
990 1495 1150 1571 tanquam
1170 1488 1273 1552 auita.

360 1627 441 1689 quae
463 1629 551 1674 nunc
572 1610 638 1674 tuis
660 1608 701 1674 ab
724 1609 890 1694 unguibus
912 1607 1078 1692 reglutina
1098 1617 1132 1671 et
1153 1607 1297 1682 remitte,

298 1726 340 1790 10
361 1747 403 1792 ne
424 1726 558 1793 laneum
580 1727 782 1794 latusculum
804 1747 988 1810 manusque
1009 1724 1204 1792 mollicellas

363 1930 437 1982 XXV
459 1930 500 1983 sd
517 1931 614 1984 iaham
642 1943 655 1991 ΙΙ
682 1931 826 1984 2medulls
855 1942 867 1989 ΙΙ
896 1931 1016 1984 moricills
1039 1941 1051 1989 ΙΙ
1074 1929 1199 1982 limnlier
1216 1945 1277 1980 sues
1297 1937 1311 1986 11

364 2045 436 2101 XXV
455 2049 472 2100 2
489 2049 604 2102 auricilla
622 2051 769 2117 (aitpoeta
787 2050 895 2118 orieills)
913 2050 1008 2101 tiebctttr
1027 2048 1153 2116 Scalipoeo
1220 2048 1237 2098 5
1257 2064 1316 2098 mu·

295 2133 609 2196 ismahelitarum,
633 2136 675 2201 qui
696 2135 790 2186 addidit
813 2136 972 2186 ‘mamarius
990 2145 1026 2184 set
1042 2135 1085 2198 qai
1101 2150 1198 2185 manem
1218 2131 1261 2182 dat
1278 2131 1317 2182 ecl

296 2219 383 2269 inuitus
405 2229 428 2269 et
449 2221 563 2272 oscitanti
582 2221 668 2288 rapta'
701 2221 755 2287 (cat
780 2222 925 2274 ccuucutrus
949 2220 1012 2270 locus
1040 2218 1183 2276 Quem
1210 2217 1281 2268 VIII
1297 2216 1317 2268 3

297 2305 340 2368 34,
359 2304 393 2355 ad
409 2323 476 2371 quem
495 2303 608 2374 Sttttptus
626 2324 687 2358 cens.
705 2306 761 2357 295
779 2307 928 2372 prouocauit,
951 2307 993 2356 uit
1015 2306 1109 2370 qffioere
1129 2302 1232 2370 potasti:
1259 2301 1319 2367 qaid

296 2391 405 2442 tatami
424 2390 450 2442 V
463 2409 508 2442 noa
523 2391 598 2457 picus
615 2402 700 2442 certum
718 2401 759 2442 eat.
781 2391 889 2442 lectiones
908 2391 1019 2442 librorum
1036 2391 1098 2439 iuter
1116 2389 1238 2454 (mulier)
1255 2405 1317 2440 anes

296 2477 362 2527 aries
381 2487 403 2526 et
421 2476 538 2543 (mulier)
557 2494 618 2530 auos
636 2477 702 2529 arios
725 2487 749 2528 st
765 2477 883 2544 (mulier)
901 2477 963 2528 alios
980 2475 1111 2528 cacillant.
1132 2473 1197 2540 quod
1213 2472 1263 2524 leco
1280 2473 1317 2523 ul·

297 2561 351 2610 timo
366 2563 439 2626 posui
455 2562 518 2614 alios
535 2563 586 2612 sins
604 2561 674 2613 datio
691 2579 720 2612 es
738 2561 917 2627 interpolatione
935 2571 1014 2612 nausa
1031 2570 1068 2610 cst
1156 2559 1223 2611 Dius
1245 2556 1319 2624 (dius

297 2643 357 2712 Lm)
376 2656 412 2695 cst
428 2645 545 2696 Lauerna
563 2647 611 2711 (cf.
630 2645 749 2713 Querar
768 2663 824 2697 auu.
842 2645 913 2708 Iciq.
932 2644 964 2694 X
969 2643 994 2694 l'
1007 2645 1058 2710 37)
1076 2643 1116 2695 ael
1132 2642 1260 2694 Lansuda.
1283 2644 1315 2707 ff.

296 2725 397 2778 Placidi
410 2729 444 2794 91.
460 2747 487 2794 p.
502 2731 555 2780 478
573 2728 649 2796 (Mat
665 2731 738 2782 class.
757 2741 819 2781 auct.
837 2731 885 2795 ill)
903 2731 1053 2794 bairandam,
1071 2746 1145 2797 quam
1157 2729 1259 2795 quidem
1270 2728 1318 2779 Di-

296 2826 353 2862 usm
371 2811 420 2874 (sic
427 2829 475 2877 pro
487 2813 555 2864 uiam
567 2815 664 2882 εονίρει)
675 2815 766 2866 dicunt
777 2815 933 2868 mulierarios
946 2807 963 2894 β
978 2814 1100 2881 Hauptitts
1110 2815 1174 2865 Lm*
1187 2813 1249 2867 Cum
1257 2814 1318 2866 luas

295 2895 451 2948 mulierarios
463 2896 568 2964 Hcysius
581 2897 644 2951 (lum
656 2899 715 2951 diua
727 2901 845 2951 muttiens
856 2917 917 2952 sues
928 2899 1051 2967 Bequiue
1066 2918 1124 2951 mua.
1138 2900 1203 2950 rica.
1217 2897 1249 2949 X
1254 2897 1319 2951 Vtut

300 2979 356 3034 605
375 2981 482 3034 hascine
503 2983 592 3034 mulier
614 2992 643 3035 ut
664 2993 736 3037 netes
754 2983 903 3036 I'roehusrus
925 3003 983 3036 uuus.
1007 2985 1073 3036 ritca.
1091 2982 1155 3036 Xlll
1172 2983 1223 3035 149
1254 2983 1316 3034 Cum

296 3067 352 3120 ‹lirs
369 3069 435 3122 mela
452 3087 497 3137 per
515 3069 587 3121 alites
609 3067 796 3122 CSciwcaclius
810 3071 896 3137 plilol.
916 3070 969 3122 ΧΠ
984 3071 1039 3122 453
1066 3069 1128 3122 Cum
1151 3070 1183 3121 de
1201 3069 1243 3121 uis
1260 3086 1315 3121 mu·

295 3153 343 3205 lier
361 3171 420 3206 aues
439 3154 551 3223 Scattyer
568 3172 593 3209 ω
625 3156 687 3206 Cum
705 3154 764 3207 dius
781 3155 871 3207 mulier
889 3155 944 3222 (uel
954 3155 1049 3220 mater)
1067 3154 1140 3207 alites
1152 3155 1262 3206 ostendit
1273 3171 1314 3206 oc-

296 3239 407 3291 cinentes
425 3257 450 3294 ω
473 3242 536 3293 Cum
555 3241 610 3292 dire
626 3240 703 3292 maris
719 3241 800 3292 hierus
818 3241 889 3307 (iaec
903 3251 961 3307 poet
981 3239 1128 3308 Gauium
1150 3241 1255 3308 scaphas
1273 3257 1313 3292 os·

295 3323 376 3376 tendit
393 3333 537 3379 aestuantes
549 3325 649 3378 Pohliuc
669 3325 719 3379 lect.
739 3327 776 3378 39
794 3327 978 3379 conuiuatum
996 3343 1065 3377 mero
1082 3326 1167 3392 mauis
1185 3344 1212 3378 se
1229 3335 1312 3378 osten-

295 3410 334 3462 dit
350 3411 495 3462 oscitantem
512 3410 640 3462 Bocltmias
658 3429 697 3474 qa.
715 3421 761 3462 cut.
780 3410 819 3462 20
840 3411 902 3462 Cum
919 3411 996 3462 denis
1018 3411 1110 3462 mulier
1126 3411 1195 3462 uiros
1212 3410 1316 3463 offendit

295 3496 431 3548 oscitantes
453 3495 616 3548 Ftoelttcttac
643 3495 704 3548 Cum
727 3496 814 3548 deuiss
837 3497 900 3548 meri
922 3496 1007 3547 trahes
1034 3494 1138 3547 offendit
1168 3497 1314 3548 obnstsntes

299 3577 408 3644 Clanrpur
420 3581 517 3632 maesii.
528 3581 612 3647 philol.
630 3591 653 3632 ct
665 3580 771 3648 paedoq.
784 3581 868 3634 11147
886 3581 928 3648 (ςί.
942 3579 1041 3630 Heiaeit'
1056 3579 1110 3630 otia.
1132 3579 1206 3648 640).
1224 3597 1314 3631 aenos

294 3661 368 3711 5ch
381 3663 528 3730 Doeriuqisa
544 3666 658 3718 Haudius
678 3669 727 3717 cde.
746 3667 790 3726 35,
809 3666 892 3730 quihus
910 3663 1077 3717 Sciwsuclcs'us
1095 3683 1186 3730 quoquc
1206 3666 1314 3718 dubitau-

297 3755 330 3796 tcr
353 3745 485 3797 adsentitur
587 3749 602 3802 t
626 3751 856 3819 chirographosque
878 3749 990 3817 Scaliqer
1013 3750 1232 3818 oerogrsphosqne
1255 3751 1314 3804 Sul·

296 3829 384 3884 mucius
402 3828 437 3882 od
452 3829 506 3884 tet.
524 3831 589 3898 Any.
604 3850 630 3898 p.
643 3835 695 3884 412
803 3835 835 3887 10
856 3836 971 3906 ustisque
994 3833 1106 3906 Satqe
1128 3834 1208 3902 (Lau
1232 3836 1256 3887 ia
1278 3835 1314 3890 ed.
