2920 4492
277 345 309 406 ti
560 355 582 406 V
618 355 665 408 Dr:
684 353 862 410 AMORIBVS
877 355 1032 410 cmm

275 522 457 586 mortalium
473 521 744 588 fortunatissimus
766 524 827 588 sibi
849 523 1027 606 uidebatur,
1050 526 1219 612 conposita
1235 536 1319 590 sunt.

275 640 337 703 huc
365 637 535 704 referenda
562 651 637 706 suut
665 641 719 706 illc
749 642 913 728 praeclara
943 642 1131 706 carminat
1171 643 1319 718 Vtrumvis,

274 779 342 819 mcc
362 756 485 838 Lesbiis,
507 767 595 842 atquc
615 778 754 823 amemus
776 767 809 824 et
822 781 862 820 vu
886 758 1017 836 Quaeris
1038 771 1109 844 quot
1129 763 1199 823 mibi
1216 761 1319 824 busia-

274 877 368 937 tiones
389 885 468 955 uice)
491 873 614 954 Lesbia7
636 875 695 938 sim
716 875 793 938 sctis
814 891 966 960 superque
987 885 1019 938 ct
1041 873 1079 938 ds
1102 895 1232 962 passere
1254 875 1313 940 duc

275 1013 305 1053 ru
325 989 455 1076 Luyete,
489 1011 506 1054 ο
543 991 668 1055 Veneres
700 987 927 1077 Cupidinesque
949 1001 981 1056 et
1003 1015 1021 1054 u
1046 975 1166 1056 Passer
1187 989 1316 1056 ductae

272 1127 357 1170 meae
366 1107 496 1192 puellae.
541 1107 626 1194 quod
639 1107 709 1172 lucc
731 1107 844 1172 ultimo
867 1111 969 1193 posui,
993 1098 1120 1172 carmeu
1142 1103 1316 1174 secundum

273 1243 337 1286 nou
353 1224 449 1287 modo
463 1225 551 1310 prius
566 1245 662 1310 quum
680 1227 809 1289 tertium
825 1225 880 1290 scd
899 1225 995 1290 ctiam
1012 1224 1098 1312 prius
1114 1245 1205 1312 quam
1224 1222 1316 1308 quiu-

274 1350 343 1404 tum
366 1348 399 1404 ct
418 1341 587 1427 septimum
605 1351 703 1428 poctc
723 1341 857 1428 scripsit,
881 1341 955 1429 quic
972 1363 1091 1406 uersus
1113 1341 1143 1406 hi
1161 1340 1196 1421 (ιι
1212 1339 1241 1402 9.
1259 1337 1314 1420 10)

513 1536 608 1588 tecum
629 1525 731 1588 tudere
753 1529 829 1588 ιιιόιιι
848 1529 917 1608 ipsa
937 1547 1055 1610 possem

513 1653 540 1704 et
559 1646 650 1706 tristis
671 1643 776 1708 animi
790 1643 893 1706 leuare
914 1665 1009 1706 curas

273 1828 416 1896 dolorem
429 1853 501 1896 eum
513 1833 696 1919 siguificare
711 1831 860 1897 uidentur
872 1853 935 1922 quo
947 1831 1091 1898 Catullus
1112 1827 1314 1894 occasionem

273 1947 409 2014 Lesbiae
442 1949 682 2014 conueniendac
704 1972 768 2015 uon
792 1951 866 2015 dum
888 1949 974 2014 Allio
1005 1949 1175 2014 adiuuante
1198 1959 1314 2010 nactus

273 2061 480 2130 adficiebatur
501 2088 509 2129 :
531 2065 569 2130 cf.
588 2073 700 2132 Ltrvmb
714 2064 764 2130 51.
809 2067 853 2131 itu
871 2065 954 2130 enim
975 2086 1101 2130 carmen
1118 2089 1134 2125 ιι
1153 2063 1314 2150 explican-

273 2179 348 2245 dum
370 2205 378 2245 :
402 2179 547 2248 Catullus
569 2193 601 2247 ct
622 2181 741 2247 Lesbia
763 2167 884 2268 pariter
902 2201 1011 2246 umore
1032 2193 1064 2246 ct
1084 2180 1240 2245 desiderio
1263 2177 1313 2243 sui

271 2300 302 2363 in
327 2298 429 2364 uicem
458 2299 587 2364 uidendi
612 2309 643 2363 ct
666 2297 879 2364 conueniendi
901 2299 1033 2365 cruciati
1056 2297 1108 2385 (cf.
1131 2295 1149 2360 ‘l
1172 2295 1313 2361 Lesbiae

266 2421 373 2502 qrauis
408 2419 501 2480 ardor
536 2417 575 2482 10
608 2413 729 2481 Catulli
758 2420 853 2480 tristes
892 2419 995 2503 curae)
1032 2414 1123 2480 ambo
1159 2413 1314 2478 solacium

270 2532 459 2619 requirunt‚'
491 2532 579 2621 quod
613 2531 751 2598 Lesbiae
787 2529 917 2620 quidem
956 2531 1092 2619 passeris
1122 2527 1182 2595 iccl
1214 2531 1315 2595 inter-

270 2648 346 2714 dum
394 2649 573 2736 praebent,
623 2671 687 2735 quo
734 2647 880 2716 Catullus
924 2661 1031 2715 tamen
1072 2668 1171 2733 ucgrc
1213 2657 1314 2712 caret.

268 2785 463 2855 quamquam
485 2765 623 2833 Lesbius
645 2788 761 2832 nomen
789 2766 823 2831 iu
856 2765 1050 2831 carminibus
1079 2790 1096 2829 ιι
1121 2774 1153 2829 et
1176 2787 1204 2828 ιιι
1241 2763 1315 2828 reti·

269 2896 373 2967 cetur,
395 2895 504 2950 tamen
527 2896 650 2949 certum
674 2893 723 2949 est
748 2885 888 2970 puellum
913 2884 998 2948 illum
1025 2883 1176 2948 Lesbiam
1201 2879 1313 2946 fuisse.

271 3001 358 3091 quod
392 3001 432 3066 de
465 3000 513 3065 his
546 3001 675 3089 quidem
711 2999 906 3065 carminibus
937 2998 1096 3066 Martialis
1131 2994 1316 3064 testimonio

269 3123 422 3208 probatur
445 3140 485 3181 vu
510 3117 589 3183 143

418 3335 477 3378 uon
499 3311 603 3397 quales
624 3311 721 3374 terimi
738 3310 878 3394 plorassit
897 3311 1000 3374 amica
1021 3307 1142 3376 &catti

468 3427 592 3507 Lesbia,
615 3427 760 3512 nequalia}
776 3429 919 3510 pascuis
935 3428 1013 3490 orta
1030 3427 1089 3508 sui,

271 3630 303 3686 et
324 3643 389 3685 xrur
412 3618 450 3682 77
475 3619 579 3683 Oaueu
602 3618 739 3683 chorea:

421 3785 626 3852 uirilitatis
648 3785 706 3850 cn't
726 3787 842 3872 qualem
864 3785 972 3850 dilectu
995 3783 1112 3850 Catullo

468 3903 587 3968 Lesbia
607 3901 761 3988 plorabat,
781 3903 829 3969 tic
849 3905 982 3968 tatum
999 3913 1107 3985 potest.
