<?xml version="1.0" encoding="UTF-8"?>
<!DOCTYPE html PUBLIC "-//W3C//DTD XHTML 1.0 Transitional//EN"
    "http://www.w3.org/TR/xhtml1/DTD/xhtml1-transitional.dtd">
<html xmlns="http://www.w3.org/1999/xhtml" xml:lang="en" lang="en">
 <head>
  <title>
</title>
<meta http-equiv="Content-Type" content="text/html;charset=utf-8" />
  <meta name='ocr-system' content='tesseract 3.04.00' />
  <meta name='ocr-capabilities' content='ocr_page ocr_carea ocr_par ocr_line ocrx_word'/>
</head>
<body>
  <div class='ocr_page' id='page_1' title='image "./gvalericatvllil00schwgoog_0484.png"; bbox 0 0 2922 4478; ppageno 0'>
   <div class='ocr_carea' id='block_1_1' title="bbox 641 513 705 578">
    <p class='ocr_par' dir='ltr' id='par_1_1' title="bbox 641 513 705 578">
     <span class='ocr_line' id='line_1_1' title="bbox 641 513 705 578; baseline 0.016 -1"><span class='ocrx_word' id='word_1_1' title='bbox 641 513 705 578; x_wconf 87' lang='lat' dir='ltr'><strong><em>LV</em></strong></span> 
     </span>
    </p>
   </div>
   <div class='ocr_carea' id='block_1_2' title="bbox 229 610 907 828">
    <p class='ocr_par' dir='ltr' id='par_1_2' title="bbox 229 610 907 828">
     <span class='ocr_line' id='line_1_2' title="bbox 230 610 907 717; baseline -0.015 -11"><span class='ocrx_word' id='word_1_2' title='bbox 230 610 384 717; x_wconf 74' lang='lat' dir='ltr'><strong><em>(laamas,</em></strong></span> <span class='ocrx_word' id='word_1_3' title='bbox 408 639 436 703; x_wconf 84' lang='lat' dir='ltr'><strong><em>si</em></strong></span> <span class='ocrx_word' id='word_1_4' title='bbox 458 637 542 703; x_wconf 86' lang='lat' dir='ltr'><strong><em>forte</em></strong></span> <span class='ocrx_word' id='word_1_5' title='bbox 565 655 631 699; x_wconf 89' lang='lat' dir='ltr'><strong><em>nan</em></strong></span> <span class='ocrx_word' id='word_1_6' title='bbox 654 631 829 698; x_wconf 85' lang='lat' dir='ltr'><strong><em>molestam</em></strong></span> <span class='ocrx_word' id='word_1_7' title='bbox 851 639 907 708; x_wconf 85' lang='lat' dir='ltr'><strong><em>est,</em></strong></span> 
     </span>
     <span class='ocr_line' id='line_1_3' title="bbox 229 751 861 828; baseline -0.017 -1"><span class='ocrx_word' id='word_1_8' title='bbox 229 761 409 828; x_wconf 84' lang='lat' dir='ltr'><strong><em>demostres</em></strong></span> <span class='ocrx_word' id='word_1_9' title='bbox 432 757 489 824; x_wconf 92' lang='lat' dir='ltr'><strong><em>ubi</em></strong></span> <span class='ocrx_word' id='word_1_10' title='bbox 512 756 579 821; x_wconf 84' lang='lat' dir='ltr'><strong><em>siat</em></strong></span> <span class='ocrx_word' id='word_1_11' title='bbox 602 761 676 820; x_wconf 88' lang='lat' dir='ltr'><strong><em>tuse</em></strong></span> <span class='ocrx_word' id='word_1_12' title='bbox 699 751 861 818; x_wconf 80' lang='lat' dir='ltr'>tenebrae.</span> 
     </span>
    </p>
   </div>
   <div class='ocr_carea' id='block_1_3' title="bbox 157 975 1241 3939">
    <p class='ocr_par' dir='ltr' id='par_1_3' title="bbox 157 975 1241 3939">
     <span class='ocr_line' id='line_1_4' title="bbox 233 975 1186 1048; baseline -0.014 -11"><span class='ocrx_word' id='word_1_13' title='bbox 233 985 278 1036; x_wconf 72' lang='lat' dir='ltr'><strong><em>bv</em></strong></span> <span class='ocrx_word' id='word_1_14' title='bbox 300 981 337 1048; x_wconf 81' lang='lat' dir='ltr'><strong><em>cf.</em></strong></span> <span class='ocrx_word' id='word_1_15' title='bbox 355 981 384 1032; x_wconf 86' lang='lat' dir='ltr'><strong><em>de</em></strong></span> <span class='ocrx_word' id='word_1_16' title='bbox 402 982 443 1031; x_wconf 85' lang='lat' dir='ltr'><strong><em>boc</em></strong></span> <span class='ocrx_word' id='word_1_17' title='bbox 461 979 563 1030; x_wconf 84' lang='lat' dir='ltr'><strong><em>carmine</em></strong></span> <span class='ocrx_word' id='word_1_18' title='bbox 581 995 642 1042; x_wconf 82' lang='lat' dir='ltr'><strong><em>quae</em></strong></span> <span class='ocrx_word' id='word_1_19' title='bbox 661 978 684 1028; x_wconf 90' lang='lat' dir='ltr'><strong><em>in</em></strong></span> <span class='ocrx_word' id='word_1_20' title='bbox 702 977 751 1027; x_wconf 88' lang='lat' dir='ltr'><strong><em>iad.</em></strong></span> <span class='ocrx_word' id='word_1_21' title='bbox 772 977 822 1027; x_wconf 86' lang='lat' dir='ltr'><strong><em>lect.</em></strong></span> <span class='ocrx_word' id='word_1_22' title='bbox 835 976 930 1042; x_wconf 89' lang='lat' dir='ltr'><strong><em>dorpat.</em></strong></span> <span class='ocrx_word' id='word_1_23' title='bbox 944 994 967 1026; x_wconf 89' lang='lat' dir='ltr'><strong><em>a.</em></strong></span> <span class='ocrx_word' id='word_1_24' title='bbox 981 975 1052 1028; x_wconf 75' lang='grc'><em>1864</em></span> <span class='ocrx_word' id='word_1_25' title='bbox 1061 993 1087 1042; x_wconf 88' lang='lat' dir='ltr'><strong><em>p.</em></strong></span> <span class='ocrx_word' id='word_1_26' title='bbox 1100 975 1186 1026; x_wconf 80' lang='lat'><strong><em>3-11</em></strong></span> 
     </span>
     <span class='ocr_line' id='line_1_5' title="bbox 164 1060 1186 1134; baseline -0.008 -14"><span class='ocrx_word' id='word_1_27' title='bbox 164 1069 221 1120; x_wconf 79' lang='lat' dir='ltr'><strong><em>diri.</em></strong></span> <span class='ocrx_word' id='word_1_28' title='bbox 258 1085 303 1134; x_wconf 81' lang='lat' dir='ltr'><strong><em>qao</em></strong></span> <span class='ocrx_word' id='word_1_29' title='bbox 325 1065 392 1116; x_wconf 89' lang='lat' dir='ltr'><strong><em>modo</em></strong></span> <span class='ocrx_word' id='word_1_30' title='bbox 415 1082 497 1116; x_wconf 88' lang='lat' dir='ltr'><strong><em>uersus</em></strong></span> <span class='ocrx_word' id='word_1_31' title='bbox 521 1064 633 1113; x_wconf 73' lang='lat' dir='ltr'><strong><em>carminis</em></strong></span> <span class='ocrx_word' id='word_1_32' title='bbox 655 1063 723 1112; x_wconf 73' lang='lat' dir='ltr'><strong><em>basius</em></strong></span> <span class='ocrx_word' id='word_1_33' title='bbox 746 1081 762 1112; x_wconf 93' lang='lat' dir='ltr'><strong><em>a</em></strong></span> <span class='ocrx_word' id='word_1_34' title='bbox 788 1061 882 1112; x_wconf 73' lang='lat' dir='ltr'><strong><em>Camillo</em></strong></span> <span class='ocrx_word' id='word_1_35' title='bbox 904 1060 1026 1112; x_wconf 74' lang='lat' dir='ltr'><em>distributi</em></span> <span class='ocrx_word' id='word_1_36' title='bbox 1045 1062 1094 1112; x_wconf 87' lang='lat' dir='ltr'><strong><em>sint</em></strong></span> <span class='ocrx_word' id='word_1_37' title='bbox 1115 1061 1186 1112; x_wconf 89' lang='lat' dir='ltr'><strong><em>ualde</em></strong></span> 
     </span>
     <span class='ocr_line' id='line_1_6' title="bbox 165 1145 1186 1215; baseline -0.009 -10"><span class='ocrx_word' id='word_1_38' title='bbox 165 1155 258 1205; x_wconf 86' lang='lat' dir='ltr'><strong><em>dubium</em></strong></span> <span class='ocrx_word' id='word_1_39' title='bbox 275 1163 321 1204; x_wconf 86' lang='lat' dir='ltr'><strong><em>est.</em></strong></span> <span class='ocrx_word' id='word_1_40' title='bbox 358 1153 381 1202; x_wconf 91' lang='lat' dir='ltr'><strong><em>in</em></strong></span> <span class='ocrx_word' id='word_1_41' title='bbox 403 1151 487 1215; x_wconf 83' lang='lat' dir='ltr'><strong><em>primis</em></strong></span> <span class='ocrx_word' id='word_1_42' title='bbox 506 1147 659 1213; x_wconf 70' lang='lat' dir='ltr'><strong><em>dissimultates</em></strong></span> <span class='ocrx_word' id='word_1_43' title='bbox 682 1149 779 1198; x_wconf 88' lang='lat' dir='ltr'><strong><em>iniciunt</em></strong></span> <span class='ocrx_word' id='word_1_44' title='bbox 796 1146 887 1214; x_wconf 75' lang='lat' dir='ltr'><strong><em>dactyli</em></strong></span> <span class='ocrx_word' id='word_1_45' title='bbox 901 1145 1084 1212; x_wconf 83' lang='lat' dir='ltr'><strong><em>pbalaeeeorum</em></strong></span> <span class='ocrx_word' id='word_1_46' title='bbox 1102 1147 1126 1196; x_wconf 90' lang='lat' dir='ltr'><strong><em>in</em></strong></span> <span class='ocrx_word' id='word_1_47' title='bbox 1144 1147 1186 1196; x_wconf 82' lang='lat' dir='ltr'><strong><em>ltoc</em></strong></span> 
     </span>
     <span class='ocr_line' id='line_1_7' title="bbox 166 1231 1185 1298; baseline -0.007 -9"><span class='ocrx_word' id='word_1_48' title='bbox 166 1257 210 1290; x_wconf 78' lang='lat' dir='ltr'><strong><em>urso</em></strong></span> <span class='ocrx_word' id='word_1_49' title='bbox 228 1238 332 1288; x_wconf 83' lang='lat' dir='ltr'><strong><em>carmine</em></strong></span> <span class='ocrx_word' id='word_1_50' title='bbox 349 1254 366 1286; x_wconf 90' lang='lat' dir='ltr'><strong><em>a</em></strong></span> <span class='ocrx_word' id='word_1_51' title='bbox 388 1233 483 1286; x_wconf 84' lang='lat' dir='ltr'><strong><em>Catullo</em></strong></span> <span class='ocrx_word' id='word_1_52' title='bbox 500 1233 597 1298; x_wconf 87' lang='lat' dir='ltr'><strong><em>saepius</em></strong></span> <span class='ocrx_word' id='word_1_53' title='bbox 615 1233 741 1285; x_wconf 87' lang='lat' dir='ltr'><strong><em>contracti.</em></strong></span> <span class='ocrx_word' id='word_1_54' title='bbox 770 1249 819 1296; x_wconf 81' lang='lat' dir='ltr'><strong><em>qua</em></strong></span> <span class='ocrx_word' id='word_1_55' title='bbox 835 1231 864 1282; x_wconf 86' lang='lat' dir='ltr'><strong><em>ds</em></strong></span> <span class='ocrx_word' id='word_1_56' title='bbox 882 1233 1038 1282; x_wconf 85' lang='lat' dir='ltr'><strong><em>contractione</em></strong></span> <span class='ocrx_word' id='word_1_57' title='bbox 1056 1233 1087 1296; x_wconf 71' lang='lat' dir='ltr'><strong><em>ef.</em></strong></span> <span class='ocrx_word' id='word_1_58' title='bbox 1105 1231 1185 1282; x_wconf 85' lang='lat' dir='ltr'><strong><em>Laclt-</em></strong></span> 
     </span>
     <span class='ocr_line' id='line_1_8' title="bbox 166 1307 1186 1384; baseline -0.009 -9"><span class='ocrx_word' id='word_1_59' title='bbox 166 1341 265 1375; x_wconf 73' lang='lat' dir='ltr'><strong><em>matarius</em></strong></span> <span class='ocrx_word' id='word_1_60' title='bbox 287 1322 322 1373; x_wconf 87' lang='lat' dir='ltr'><strong><em>ad</em></strong></span> <span class='ocrx_word' id='word_1_61' title='bbox 345 1321 509 1371; x_wconf 77' lang='lat' dir='ltr'><strong><em>Terentianum</em></strong></span> <span class='ocrx_word' id='word_1_62' title='bbox 531 1337 558 1384; x_wconf 91' lang='lat' dir='ltr'><strong><em>p.</em></strong></span> <span class='ocrx_word' id='word_1_63' title='bbox 580 1317 641 1368; x_wconf 85' lang='lat' dir='ltr'><strong><em>XV</em></strong></span> <span class='ocrx_word' id='word_1_64' title='bbox 659 1315 789 1368; x_wconf 81' lang='lat' dir='ltr'><strong><em>LMueller</em></strong></span> <span class='ocrx_word' id='word_1_65' title='bbox 806 1317 835 1366; x_wconf 88' lang='lat' dir='ltr'><strong><em>de</em></strong></span> <span class='ocrx_word' id='word_1_66' title='bbox 852 1334 879 1367; x_wconf 89' lang='lat' dir='ltr'><strong><em>re</em></strong></span> <span class='ocrx_word' id='word_1_67' title='bbox 896 1327 960 1368; x_wconf 73' lang='lat' dir='ltr'><strong><em>orem.</em></strong></span> <span class='ocrx_word' id='word_1_68' title='bbox 978 1317 1035 1369; x_wconf 74' lang='lat'><strong><em>166</em></strong></span> <span class='ocrx_word' id='word_1_69' title='bbox 1052 1307 1186 1368; x_wconf 24' lang='lat' dir='ltr'><strong><em>H&#39;Weilius</em></strong></span> 
     </span>
     <span class='ocr_line' id='line_1_9' title="bbox 164 1402 1185 1470; baseline -0.009 -8"><span class='ocrx_word' id='word_1_70' title='bbox 164 1429 220 1463; x_wconf 89' lang='lat' dir='ltr'><strong><em>ann.</em></strong></span> <span class='ocrx_word' id='word_1_71' title='bbox 243 1408 312 1460; x_wconf 85' lang='lat' dir='ltr'><strong><em>Iabn.</em></strong></span> <span class='ocrx_word' id='word_1_72' title='bbox 335 1405 482 1458; x_wconf 81' lang='lat' dir='ltr'><strong><em>LXXXV</em></strong></span> <span class='ocrx_word' id='word_1_73' title='bbox 499 1405 555 1456; x_wconf 90' lang='grc'><strong><em>337</em></strong></span> <span class='ocrx_word' id='word_1_74' title='bbox 577 1421 606 1456; x_wconf 90' lang='lat' dir='ltr'><strong><em>m.</em></strong></span> <span class='ocrx_word' id='word_1_75' title='bbox 630 1422 669 1469; x_wconf 85' lang='lat' dir='ltr'><strong><em>qn.</em></strong></span> <span class='ocrx_word' id='word_1_76' title='bbox 692 1415 738 1454; x_wconf 90' lang='lat' dir='ltr'><strong><em>cat.</em></strong></span> <span class='ocrx_word' id='word_1_77' title='bbox 763 1403 783 1454; x_wconf 92' lang='lat' dir='ltr'><em>I</em></span> <span class='ocrx_word' id='word_1_78' title='bbox 801 1404 868 1455; x_wconf 85' lang='lat'><strong><em>229.</em></strong></span> <span class='ocrx_word' id='word_1_79' title='bbox 907 1402 1044 1454; x_wconf 86' lang='lat' dir='ltr'><strong><em>FHandins</em></strong></span> <span class='ocrx_word' id='word_1_80' title='bbox 1067 1404 1108 1470; x_wconf 87' lang='lat' dir='ltr'><strong><em>(ia</em></strong></span> <span class='ocrx_word' id='word_1_81' title='bbox 1127 1421 1185 1469; x_wconf 90' lang='lat' dir='ltr'><strong><em>pro·</em></strong></span> 
     </span>
     <span class='ocr_line' id='line_1_10' title="bbox 162 1489 1241 1564; baseline -0.008 -18"><span class='ocrx_word' id='word_1_82' title='bbox 162 1503 295 1564; x_wconf 79' lang='lat' dir='ltr'><strong><em>pranrrnate</em></strong></span> <span class='ocrx_word' id='word_1_83' title='bbox 313 1493 403 1543; x_wconf 88' lang='lat' dir='ltr'><strong><em>ienensi</em></strong></span> <span class='ocrx_word' id='word_1_84' title='bbox 419 1511 443 1542; x_wconf 88' lang='lat' dir='ltr'><strong><em>a.</em></strong></span> <span class='ocrx_word' id='word_1_85' title='bbox 461 1492 536 1555; x_wconf 73' lang='grc'><em>1818,</em></span> <span class='ocrx_word' id='word_1_86' title='bbox 555 1509 600 1554; x_wconf 85' lang='lat' dir='ltr'><strong><em>quo</em></strong></span> <span class='ocrx_word' id='word_1_87' title='bbox 618 1507 712 1542; x_wconf 80' lang='lat' dir='ltr'><strong><em>cannen</em></strong></span> <span class='ocrx_word' id='word_1_88' title='bbox 727 1489 770 1540; x_wconf 82' lang='lat' dir='ltr'><strong><em>ltoc</em></strong></span> <span class='ocrx_word' id='word_1_89' title='bbox 782 1491 805 1540; x_wconf 89' lang='lat' dir='ltr'><strong><em>ia</em></strong></span> <span class='ocrx_word' id='word_1_90' title='bbox 818 1491 1050 1556; x_wconf 75' lang='lat' dir='ltr'><strong><em>antiptamsormarn</em></strong></span> <span class='ocrx_word' id='word_1_91' title='bbox 1063 1490 1185 1539; x_wconf 74' lang='lat' dir='ltr'><strong><em>restituere</em></strong></span> <span class='ocrx_word' id='word_1_92' title='bbox 1239 1545 1241 1552; x_wconf 25' lang='grc' dir='ltr'>Ι</span> 
     </span>
     <span class='ocr_line' id='line_1_11' title="bbox 164 1573 1185 1646; baseline -0.006 -14"><span class='ocrx_word' id='word_1_93' title='bbox 164 1591 261 1632; x_wconf 85' lang='lat' dir='ltr'><strong><em>conatus</em></strong></span> <span class='ocrx_word' id='word_1_94' title='bbox 283 1579 331 1646; x_wconf 85' lang='lat' dir='ltr'><strong><em>est)</em></strong></span> <span class='ocrx_word' id='word_1_95' title='bbox 352 1579 448 1644; x_wconf 90' lang='lat' dir='ltr'><strong><em>putauit</em></strong></span> <span class='ocrx_word' id='word_1_96' title='bbox 475 1576 592 1628; x_wconf 89' lang='lat' dir='ltr'><strong><em>Catullum</em></strong></span> <span class='ocrx_word' id='word_1_97' title='bbox 611 1585 704 1642; x_wconf 91' lang='lat' dir='ltr'><strong><em>partem</em></strong></span> <span class='ocrx_word' id='word_1_98' title='bbox 727 1576 794 1626; x_wconf 83' lang='lat' dir='ltr'><strong><em>buius</em></strong></span> <span class='ocrx_word' id='word_1_99' title='bbox 819 1577 930 1626; x_wconf 86' lang='lat' dir='ltr'><strong><em>carminis</em></strong></span> <span class='ocrx_word' id='word_1_100' title='bbox 953 1575 1059 1640; x_wconf 81' lang='lat' dir='ltr'><strong><em>aliquam</em></strong></span> <span class='ocrx_word' id='word_1_101' title='bbox 1081 1573 1185 1638; x_wconf 77' lang='lat' dir='ltr'><strong><em>strophis</em></strong></span> 
     </span>
     <span class='ocr_line' id='line_1_12' title="bbox 165 1659 1185 1728; baseline -0.012 -10"><span class='ocrx_word' id='word_1_102' title='bbox 165 1667 272 1718; x_wconf 74' lang='lat' dir='ltr'><strong><em>aserenam</em></strong></span> <span class='ocrx_word' id='word_1_103' title='bbox 290 1665 395 1714; x_wconf 87' lang='lat' dir='ltr'><strong><em>binorum</em></strong></span> <span class='ocrx_word' id='word_1_104' title='bbox 413 1665 447 1714; x_wconf 87' lang='lat' dir='ltr'><strong><em>ita</em></strong></span> <span class='ocrx_word' id='word_1_105' title='bbox 465 1663 615 1728; x_wconf 77' lang='lat' dir='ltr'><strong><em>conposuisse</em></strong></span> <span class='ocrx_word' id='word_1_106' title='bbox 632 1670 657 1710; x_wconf 86' lang='lat' dir='ltr'><strong><em>ut</em></strong></span> <span class='ocrx_word' id='word_1_107' title='bbox 674 1678 757 1710; x_wconf 67' lang='lat' dir='ltr'><strong><em>erasus</em></strong></span> <span class='ocrx_word' id='word_1_108' title='bbox 779 1662 869 1727; x_wconf 75' lang='lat' dir='ltr'><strong><em>sinyuli</em></strong></span> <span class='ocrx_word' id='word_1_109' title='bbox 883 1661 978 1726; x_wconf 78' lang='lat' dir='ltr'><strong><em>priores</em></strong></span> <span class='ocrx_word' id='word_1_110' title='bbox 996 1659 1114 1725; x_wconf 76' lang='lat' dir='ltr'><strong><em>dactylum</em></strong></span> <span class='ocrx_word' id='word_1_111' title='bbox 1132 1675 1185 1707; x_wconf 91' lang='lat' dir='ltr'><strong><em>con-</em></strong></span> 
     </span>
     <span class='ocr_line' id='line_1_13' title="bbox 165 1745 1184 1814; baseline -0.009 -12"><span class='ocrx_word' id='word_1_112' title='bbox 165 1760 264 1802; x_wconf 87' lang='lat' dir='ltr'><strong><em>tractum</em></strong></span> <span class='ocrx_word' id='word_1_113' title='bbox 281 1747 322 1799; x_wconf 86' lang='lat' dir='ltr'><strong><em>uel</em></strong></span> <span class='ocrx_word' id='word_1_114' title='bbox 338 1747 476 1814; x_wconf 87' lang='lat' dir='ltr'><strong><em>spondeum,</em></strong></span> <span class='ocrx_word' id='word_1_115' title='bbox 497 1746 642 1812; x_wconf 77' lang='lat' dir='ltr'><strong><em>posteriores</em></strong></span> <span class='ocrx_word' id='word_1_116' title='bbox 665 1755 747 1795; x_wconf 86' lang='lat' dir='ltr'><strong><em>contra</em></strong></span> <span class='ocrx_word' id='word_1_117' title='bbox 770 1745 883 1813; x_wconf 78' lang='lat' dir='ltr'><strong><em>inteprum</em></strong></span> <span class='ocrx_word' id='word_1_118' title='bbox 900 1745 1018 1812; x_wconf 77' lang='lat' dir='ltr'><strong><em>dactylum</em></strong></span> <span class='ocrx_word' id='word_1_119' title='bbox 1036 1745 1184 1794; x_wconf 77' lang='lat' dir='ltr'><strong><em>continerent</em></strong></span> 
     </span>
     <span class='ocr_line' id='line_1_14' title="bbox 164 1829 1185 1901; baseline -0.01 -13"><span class='ocrx_word' id='word_1_120' title='bbox 164 1835 222 1888; x_wconf 80' lang='lat' dir='ltr'><strong><em>baec</em></strong></span> <span class='ocrx_word' id='word_1_121' title='bbox 244 1853 314 1901; x_wconf 82' lang='lat' dir='ltr'><strong><em>qrram</em></strong></span> <span class='ocrx_word' id='word_1_122' title='bbox 338 1833 422 1883; x_wconf 76' lang='lat' dir='ltr'><strong><em>statuit</em></strong></span> <span class='ocrx_word' id='word_1_123' title='bbox 443 1831 611 1899; x_wconf 74' lang='lat' dir='ltr'><strong><em>dactylicarum</em></strong></span> <span class='ocrx_word' id='word_1_124' title='bbox 633 1839 655 1880; x_wconf 86' lang='lat' dir='ltr'><strong><em>et</em></strong></span> <span class='ocrx_word' id='word_1_125' title='bbox 678 1829 858 1896; x_wconf 86' lang='lat' dir='ltr'><strong><em>spondaicoram</em></strong></span> <span class='ocrx_word' id='word_1_126' title='bbox 875 1848 984 1882; x_wconf 83' lang='lat' dir='ltr'><strong><em>uersuum</em></strong></span> <span class='ocrx_word' id='word_1_127' title='bbox 1002 1829 1139 1890; x_wconf 74' lang='lat' dir='ltr'><strong><em>ur’crssitudo</em></strong></span> <span class='ocrx_word' id='word_1_128' title='bbox 1157 1846 1185 1879; x_wconf 87' lang='lat' dir='ltr'><strong><em>ne</em></strong></span> 
     </span>
     <span class='ocr_line' id='line_1_15' title="bbox 164 1916 1186 1984; baseline -0.001 -13"><span class='ocrx_word' id='word_1_129' title='bbox 164 1923 260 1972; x_wconf 87' lang='lat' dir='ltr'><strong><em>turbata</em></strong></span> <span class='ocrx_word' id='word_1_130' title='bbox 277 1917 408 1978; x_wconf 75' lang='lat' dir='ltr'><strong><em>uideretur,</em></strong></span> <span class='ocrx_word' id='word_1_131' title='bbox 431 1934 523 1967; x_wconf 89' lang='lat' dir='ltr'><strong><em>necesse</em></strong></span> <span class='ocrx_word' id='word_1_132' title='bbox 545 1916 626 1966; x_wconf 82' lang='lat' dir='ltr'><strong><em>lubuit</em></strong></span> <span class='ocrx_word' id='word_1_133' title='bbox 647 1916 672 1966; x_wconf 90' lang='lat' dir='ltr'><strong><em>in</em></strong></span> <span class='ocrx_word' id='word_1_134' title='bbox 690 1933 760 1966; x_wconf 69' lang='lat' dir='ltr'><strong><em>uasa</em></strong></span> <span class='ocrx_word' id='word_1_135' title='bbox 779 1917 795 1967; x_wconf 84' lang='lat'><em>8</em></span> <span class='ocrx_word' id='word_1_136' title='bbox 813 1917 886 1968; x_wconf 84' lang='lat' dir='ltr'><strong><em>uideo</em></strong></span> <span class='ocrx_word' id='word_1_137' title='bbox 904 1927 926 1967; x_wconf 87' lang='lat' dir='ltr'><strong><em>et</em></strong></span> <span class='ocrx_word' id='word_1_138' title='bbox 944 1917 982 1968; x_wconf 87' lang='grc'><strong><em>23</em></strong></span> <span class='ocrx_word' id='word_1_139' title='bbox 999 1917 1086 1984; x_wconf 79' lang='lat' dir='ltr'><strong><em>siege</em></strong></span> <span class='ocrx_word' id='word_1_140' title='bbox 1104 1919 1186 1984; x_wconf 77' lang='lat' dir='ltr'><strong><em>fingat·</em></strong></span> 
     </span>
     <span class='ocr_line' id='line_1_16' title="bbox 161 2001 1185 2072; baseline -0.001 -17"><span class='ocrx_word' id='word_1_141' title='bbox 161 2023 207 2072; x_wconf 93' lang='lat' dir='ltr'><strong><em>pro</em></strong></span> <span class='ocrx_word' id='word_1_142' title='bbox 225 2005 277 2056; x_wconf 81' lang='lat' dir='ltr'><strong><em>uiti</em></strong></span> <span class='ocrx_word' id='word_1_143' title='bbox 296 2004 356 2055; x_wconf 85' lang='lat' dir='ltr'><strong><em>etsi</em></strong></span> <span class='ocrx_word' id='word_1_144' title='bbox 374 2003 455 2071; x_wconf 76' lang='lat' dir='ltr'><strong><em>fingar</em></strong></span> <span class='ocrx_word' id='word_1_145' title='bbox 473 2003 584 2052; x_wconf 87' lang='lat' dir='ltr'><strong><em>scribere.</em></strong></span> <span class='ocrx_word' id='word_1_146' title='bbox 619 2018 665 2066; x_wconf 83' lang='lat' dir='ltr'><strong><em>quo</em></strong></span> <span class='ocrx_word' id='word_1_147' title='bbox 681 2001 754 2066; x_wconf 88' lang='lat' dir='ltr'><strong><em>sacto</em></strong></span> <span class='ocrx_word' id='word_1_148' title='bbox 779 2019 811 2052; x_wconf 80' lang='lat' dir='ltr'><strong><em>er</em></strong></span> <span class='ocrx_word' id='word_1_149' title='bbox 832 2001 928 2052; x_wconf 85' lang='lat' dir='ltr'><strong><em>Handii</em></strong></span> <span class='ocrx_word' id='word_1_150' title='bbox 948 2005 1063 2053; x_wconf 71' lang='lat' dir='ltr'><strong><em>serrantia</em></strong></span> <span class='ocrx_word' id='word_1_151' title='bbox 1080 2022 1097 2054; x_wconf 92' lang='lat' dir='ltr'><strong><em>a</em></strong></span> <span class='ocrx_word' id='word_1_152' title='bbox 1114 2021 1185 2054; x_wconf 71' lang='lat' dir='ltr'><strong><em>unat</em></strong></span> 
     </span>
     <span class='ocr_line' id='line_1_17' title="bbox 164 2086 1187 2154; baseline 0.001 -15"><span class='ocrx_word' id='word_1_153' title='bbox 164 2089 259 2140; x_wconf 87' lang='lat'><em>1-12</em></span> <span class='ocrx_word' id='word_1_154' title='bbox 287 2106 330 2138; x_wconf 82' lang='lat' dir='ltr'><strong><em>ser</em></strong></span> <span class='ocrx_word' id='word_1_155' title='bbox 358 2087 471 2154; x_wconf 83' lang='lat' dir='ltr'><strong><em>strepitus</em></strong></span> <span class='ocrx_word' id='word_1_156' title='bbox 500 2086 619 2152; x_wconf 87' lang='lat' dir='ltr'><strong><em>adparent</em></strong></span> <span class='ocrx_word' id='word_1_157' title='bbox 648 2088 752 2137; x_wconf 86' lang='lat' dir='ltr'><strong><em>binorum</em></strong></span> <span class='ocrx_word' id='word_1_158' title='bbox 781 2105 900 2150; x_wconf 69' lang='lat' dir='ltr'><strong><em>amenum,</em></strong></span> <span class='ocrx_word' id='word_1_159' title='bbox 930 2089 1052 2153; x_wconf 83' lang='lat' dir='ltr'><strong><em>septimam</em></strong></span> <span class='ocrx_word' id='word_1_160' title='bbox 1081 2089 1187 2154; x_wconf 87' lang='lat' dir='ltr'><strong><em>efficiunt</em></strong></span> 
     </span>
     <span class='ocr_line' id='line_1_18' title="bbox 165 2172 1185 2240; baseline 0.001 -15"><span class='ocrx_word' id='word_1_161' title='bbox 165 2191 248 2226; x_wconf 86' lang='lat' dir='ltr'><strong><em>uersus</em></strong></span> <span class='ocrx_word' id='word_1_162' title='bbox 271 2175 306 2225; x_wconf 82' lang='lat'><strong><em>13</em></strong></span> <span class='ocrx_word' id='word_1_163' title='bbox 327 2183 348 2224; x_wconf 86' lang='lat' dir='ltr'><strong><em>et</em></strong></span> <span class='ocrx_word' id='word_1_164' title='bbox 370 2174 408 2224; x_wconf 89' lang='grc'><strong><em>23</em></strong></span> <span class='ocrx_word' id='word_1_165' title='bbox 431 2203 464 2211; x_wconf 93' lang='grc'>-</span> <span class='ocrx_word' id='word_1_166' title='bbox 486 2172 599 2224; x_wconf 87' lang='lat' dir='ltr'><strong><em>Haudins</em></strong></span> <span class='ocrx_word' id='word_1_167' title='bbox 622 2173 681 2222; x_wconf 75' lang='lat' dir='ltr'><strong><em>enam</em></strong></span> <span class='ocrx_word' id='word_1_168' title='bbox 704 2173 880 2224; x_wconf 83' lang='lat' dir='ltr'><strong><em>Lacbrnannam</em></strong></span> <span class='ocrx_word' id='word_1_169' title='bbox 902 2184 994 2225; x_wconf 74' lang='lat' dir='ltr'><strong><em>senatres</em></strong></span> <span class='ocrx_word' id='word_1_170' title='bbox 1013 2185 1071 2240; x_wconf 87' lang='lat' dir='ltr'><strong><em>post</em></strong></span> <span class='ocrx_word' id='word_1_171' title='bbox 1091 2193 1185 2226; x_wconf 69' lang='lat' dir='ltr'><strong><em>umnam</em></strong></span> 
     </span>
     <span class='ocr_line' id='line_1_19' title="bbox 164 2256 1185 2324; baseline 0.001 -14"><span class='ocrx_word' id='word_1_172' title='bbox 164 2261 199 2310; x_wconf 82' lang='grc'><em>13</em></span> <span class='ocrx_word' id='word_1_173' title='bbox 218 2259 293 2310; x_wconf 68' lang='lat' dir='ltr'><strong><em>&lt;heom</em></strong></span> <span class='ocrx_word' id='word_1_174' title='bbox 312 2258 368 2308; x_wconf 88' lang='lat' dir='ltr'><strong><em>illos</em></strong></span> <span class='ocrx_word' id='word_1_175' title='bbox 386 2275 469 2309; x_wconf 85' lang='lat' dir='ltr'><strong><em>uersus</em></strong></span> <span class='ocrx_word' id='word_1_176' title='bbox 487 2258 550 2308; x_wconf 62' lang='grc' dir='ltr'><strong><em>23μ</em></strong></span> <span class='ocrx_word' id='word_1_177' title='bbox 560 2257 598 2306; x_wconf 87' lang='grc'><strong><em>32</em></strong></span> <span class='ocrx_word' id='word_1_178' title='bbox 610 2258 709 2308; x_wconf 86' lang='lat' dir='ltr'><strong><em>inseruit</em></strong></span> <span class='ocrx_word' id='word_1_179' title='bbox 720 2287 761 2318; x_wconf 90' lang='lat'><strong><em>-‚</em></strong></span> <span class='ocrx_word' id='word_1_180' title='bbox 774 2256 856 2308; x_wconf 85' lang='lat' dir='ltr'><strong><em>deinde</em></strong></span> <span class='ocrx_word' id='word_1_181' title='bbox 873 2269 960 2324; x_wconf 79' lang='lat' dir='ltr'><strong><em>septem</em></strong></span> <span class='ocrx_word' id='word_1_182' title='bbox 977 2269 1085 2310; x_wconf 88' lang='lat' dir='ltr'><strong><em>secuntur</em></strong></span> <span class='ocrx_word' id='word_1_183' title='bbox 1102 2279 1185 2311; x_wconf 86' lang='lat' dir='ltr'><strong><em>uersas</em></strong></span> 
     </span>
     <span class='ocr_line' id='line_1_20' title="bbox 165 2343 1184 2411; baseline 0.004 -17"><span class='ocrx_word' id='word_1_184' title='bbox 165 2345 279 2411; x_wconf 78' lang='lat' dir='ltr'><strong><em>dactylici</em></strong></span> <span class='ocrx_word' id='word_1_185' title='bbox 295 2343 418 2393; x_wconf 74' lang='lat'><em>24-30:</em></span> <span class='ocrx_word' id='word_1_186' title='bbox 436 2344 460 2392; x_wconf 91' lang='lat' dir='ltr'><strong><em>in</em></strong></span> <span class='ocrx_word' id='word_1_187' title='bbox 478 2343 561 2407; x_wconf 82' lang='lat' dir='ltr'><strong><em>quibus</em></strong></span> <span class='ocrx_word' id='word_1_188' title='bbox 580 2359 629 2392; x_wconf 87' lang='lat' dir='ltr'><strong><em>cum</em></strong></span> <span class='ocrx_word' id='word_1_189' title='bbox 647 2361 755 2392; x_wconf 85' lang='lat' dir='ltr'><strong><em>cursores</em></strong></span> <span class='ocrx_word' id='word_1_190' title='bbox 773 2343 953 2394; x_wconf 82' lang='lat' dir='ltr'><strong><em>inlustrissimas</em></strong></span> <span class='ocrx_word' id='word_1_191' title='bbox 966 2349 1184 2408; x_wconf 82' lang='lat' dir='ltr'><strong><em>commemorarrerit,</em></strong></span> 
     </span>
     <span class='ocr_line' id='line_1_21' title="bbox 160 2427 1186 2494; baseline 0.002 -15"><span class='ocrx_word' id='word_1_192' title='bbox 160 2438 233 2494; x_wconf 84' lang='lat' dir='ltr'><strong><em>poeta</em></strong></span> <span class='ocrx_word' id='word_1_193' title='bbox 266 2428 334 2477; x_wconf 71' lang='lat' dir='ltr'><strong><em>meni</em></strong></span> <span class='ocrx_word' id='word_1_194' title='bbox 362 2427 490 2492; x_wconf 83' lang='lat' dir='ltr'><strong><em>pbaloecei</em></strong></span> <span class='ocrx_word' id='word_1_195' title='bbox 525 2427 666 2476; x_wconf 69' lang='lat' dir='ltr'><strong><em>celeritatem</em></strong></span> <span class='ocrx_word' id='word_1_196' title='bbox 703 2427 827 2492; x_wconf 82' lang='lat' dir='ltr'><strong><em>penninam</em></strong></span> <span class='ocrx_word' id='word_1_197' title='bbox 864 2428 989 2479; x_wconf 86' lang='lat' dir='ltr'><strong><em>retardare</em></strong></span> <span class='ocrx_word' id='word_1_198' title='bbox 1028 2441 1050 2479; x_wconf 90' lang='lat' dir='ltr'><strong><em>et</em></strong></span> <span class='ocrx_word' id='word_1_199' title='bbox 1080 2431 1186 2482; x_wconf 73' lang='lat' dir='ltr'><strong><em>cohibere</em></strong></span> 
     </span>
     <span class='ocr_line' id='line_1_22' title="bbox 164 2511 1184 2578; baseline 0.001 -15"><span class='ocrx_word' id='word_1_200' title='bbox 164 2513 271 2563; x_wconf 74' lang='lat' dir='ltr'><strong><em>aeluserit</em></strong></span> <span class='ocrx_word' id='word_1_201' title='bbox 306 2512 348 2562; x_wconf 83' lang='lat' dir='ltr'><strong><em>bos</em></strong></span> <span class='ocrx_word' id='word_1_202' title='bbox 370 2512 490 2576; x_wconf 71' lang='lat' dir='ltr'><strong><em>excipiunt</em></strong></span> <span class='ocrx_word' id='word_1_203' title='bbox 510 2512 611 2575; x_wconf 80' lang='lat' dir='ltr'><strong><em>quinque</em></strong></span> <span class='ocrx_word' id='word_1_204' title='bbox 628 2511 740 2576; x_wconf 72' lang='lat' dir='ltr'><strong><em>strophae</em></strong></span> <span class='ocrx_word' id='word_1_205' title='bbox 757 2513 797 2576; x_wconf 87' lang='lat' dir='ltr'><strong><em>(a.</em></strong></span> <span class='ocrx_word' id='word_1_206' title='bbox 809 2512 844 2562; x_wconf 87' lang='grc'><strong><em>31</em></strong></span> <span class='ocrx_word' id='word_1_207' title='bbox 856 2513 894 2562; x_wconf 87' lang='grc'><strong><em>32</em></strong></span> <span class='ocrx_word' id='word_1_208' title='bbox 906 2514 1022 2578; x_wconf 71' lang='grc'><em>14-21)</em></span> <span class='ocrx_word' id='word_1_209' title='bbox 1040 2523 1062 2563; x_wconf 90' lang='lat' dir='ltr'><strong><em>et</em></strong></span> <span class='ocrx_word' id='word_1_210' title='bbox 1079 2514 1184 2566; x_wconf 89' lang='lat' dir='ltr'><strong><em>dimidia.</em></strong></span> 
     </span>
     <span class='ocr_line' id='line_1_23' title="bbox 164 2595 1185 2664; baseline 0 -15"><span class='ocrx_word' id='word_1_211' title='bbox 164 2615 218 2649; x_wconf 85' lang='lat' dir='ltr'><strong><em>narn</em></strong></span> <span class='ocrx_word' id='word_1_212' title='bbox 236 2615 296 2648; x_wconf 80' lang='lat' dir='ltr'><strong><em>ansts</em></strong></span> <span class='ocrx_word' id='word_1_213' title='bbox 315 2615 397 2647; x_wconf 77' lang='lat' dir='ltr'><strong><em>uersrm</em></strong></span> <span class='ocrx_word' id='word_1_214' title='bbox 416 2595 559 2662; x_wconf 80' lang='lat' dir='ltr'><strong><em>spondeicus</em></strong></span> <span class='ocrx_word' id='word_1_215' title='bbox 579 2595 646 2661; x_wconf 90' lang='grc'><strong><em>(22)</em></strong></span> <span class='ocrx_word' id='word_1_216' title='bbox 665 2605 748 2647; x_wconf 87' lang='lat' dir='ltr'><strong><em>restat.</em></strong></span> <span class='ocrx_word' id='word_1_217' title='bbox 783 2597 851 2648; x_wconf 83' lang='lat' dir='ltr'><strong><em>but&#39;trs</em></strong></span> <span class='ocrx_word' id='word_1_218' title='bbox 871 2596 967 2647; x_wconf 90' lang='lat' dir='ltr'><strong><em>Handii</em></strong></span> <span class='ocrx_word' id='word_1_219' title='bbox 982 2600 1109 2648; x_wconf 85' lang='lat' dir='ltr'><strong><em>sententiae</em></strong></span> <span class='ocrx_word' id='word_1_220' title='bbox 1125 2617 1185 2664; x_wconf 89' lang='lat' dir='ltr'><strong><em>par-</em></strong></span> 
     </span>
     <span class='ocr_line' id='line_1_24' title="bbox 164 2681 1187 2750; baseline 0.002 -18"><span class='ocrx_word' id='word_1_221' title='bbox 164 2693 207 2732; x_wconf 89' lang='lat' dir='ltr'><strong><em>tem</em></strong></span> <span class='ocrx_word' id='word_1_222' title='bbox 229 2682 370 2732; x_wconf 80' lang='lat' dir='ltr'><strong><em>Letrtsclrius</em></strong></span> <span class='ocrx_word' id='word_1_223' title='bbox 391 2691 455 2732; x_wconf 84' lang='lat' dir='ltr'><strong><em>ntrnt.</em></strong></span> <span class='ocrx_word' id='word_1_224' title='bbox 477 2681 561 2732; x_wconf 68' lang='lat' dir='ltr'><strong><em>audit.</em></strong></span> <span class='ocrx_word' id='word_1_225' title='bbox 583 2682 682 2748; x_wconf 74' lang='lat' dir='ltr'><strong><em>pottiap.</em></strong></span> <span class='ocrx_word' id='word_1_226' title='bbox 706 2683 776 2733; x_wconf 75' lang='lat' dir='ltr'><strong><em>teos</em></strong></span> <span class='ocrx_word' id='word_1_227' title='bbox 797 2701 823 2748; x_wconf 86' lang='lat' dir='ltr'><strong><em>p.</em></strong></span> <span class='ocrx_word' id='word_1_228' title='bbox 847 2683 916 2734; x_wconf 83' lang='grc'><em>1988</em></span> <span class='ocrx_word' id='word_1_229' title='bbox 938 2684 974 2733; x_wconf 87' lang='lat' dir='ltr'><strong><em>ita</em></strong></span> <span class='ocrx_word' id='word_1_230' title='bbox 995 2683 1141 2750; x_wconf 69' lang='lat' dir='ltr'><strong><em>adprobavit</em></strong></span> <span class='ocrx_word' id='word_1_231' title='bbox 1161 2695 1187 2735; x_wconf 89' lang='lat' dir='ltr'><strong><em>nt</em></strong></span> 
     </span>
     <span class='ocr_line' id='line_1_25' title="bbox 161 2765 1186 2835; baseline 0.003 -18"><span class='ocrx_word' id='word_1_232' title='bbox 161 2767 284 2818; x_wconf 70' lang='lat' dir='ltr'><strong><em>Heredium</em></strong></span> <span class='ocrx_word' id='word_1_233' title='bbox 302 2777 362 2816; x_wconf 86' lang='lat' dir='ltr'><strong><em>reete</em></strong></span> <span class='ocrx_word' id='word_1_234' title='bbox 380 2765 472 2830; x_wconf 82' lang='lat' dir='ltr'><strong><em>quidem</em></strong></span> <span class='ocrx_word' id='word_1_235' title='bbox 481 2768 590 2830; x_wconf 87' lang='lat' dir='ltr'><strong><em>sormam</em></strong></span> <span class='ocrx_word' id='word_1_236' title='bbox 607 2784 690 2816; x_wconf 88' lang='lat' dir='ltr'><strong><em>uersas</em></strong></span> <span class='ocrx_word' id='word_1_237' title='bbox 699 2767 827 2832; x_wconf 78' lang='lat' dir='ltr'><strong><em>phalaecei</em></strong></span> <span class='ocrx_word' id='word_1_238' title='bbox 837 2767 962 2819; x_wconf 72' lang='lat' dir='ltr'><strong><em>dasticbarn</em></strong></span> <span class='ocrx_word' id='word_1_239' title='bbox 974 2769 1123 2835; x_wconf 77' lang='lat' dir='ltr'><strong><em>adposuisse,</em></strong></span> <span class='ocrx_word' id='word_1_240' title='bbox 1142 2769 1186 2820; x_wconf 87' lang='lat' dir='ltr'><strong><em>sed</em></strong></span> 
     </span>
     <span class='ocr_line' id='line_1_26' title="bbox 157 2850 1186 2920; baseline 0.002 -18"><span class='ocrx_word' id='word_1_241' title='bbox 157 2851 227 2916; x_wconf 81' lang='lat' dir='ltr'><strong><em>falso</em></strong></span> <span class='ocrx_word' id='word_1_242' title='bbox 245 2869 327 2902; x_wconf 83' lang='lat' dir='ltr'><strong><em>aersrts</em></strong></span> <span class='ocrx_word' id='word_1_243' title='bbox 346 2850 402 2902; x_wconf 86' lang='lat' dir='ltr'><strong><em>illos</em></strong></span> <span class='ocrx_word' id='word_1_244' title='bbox 419 2851 496 2900; x_wconf 84' lang='lat' dir='ltr'><strong><em>decem</em></strong></span> <span class='ocrx_word' id='word_1_245' title='bbox 514 2851 615 2900; x_wconf 81' lang='lat' dir='ltr'><strong><em>carrttini</em></strong></span> <span class='ocrx_word' id='word_1_246' title='bbox 631 2851 684 2900; x_wconf 82' lang='lat' dir='ltr'><strong><em>lruic</em></strong></span> <span class='ocrx_word' id='word_1_247' title='bbox 700 2853 828 2902; x_wconf 77' lang='lat' dir='ltr'><strong><em>insenuisse</em></strong></span> <span class='ocrx_word' id='word_1_248' title='bbox 846 2851 974 2915; x_wconf 82' lang='lat' dir='ltr'><strong><em>iudicaret,</em></strong></span> <span class='ocrx_word' id='word_1_249' title='bbox 992 2854 1078 2920; x_wconf 82' lang='lat' dir='ltr'><strong><em>qtrippe</em></strong></span> <span class='ocrx_word' id='word_1_250' title='bbox 1098 2856 1141 2920; x_wconf 86' lang='lat' dir='ltr'><strong><em>qni</em></strong></span> <span class='ocrx_word' id='word_1_251' title='bbox 1157 2873 1186 2904; x_wconf 80' lang='lat' dir='ltr'><strong><em>ee</em></strong></span> 
     </span>
     <span class='ocr_line' id='line_1_27' title="bbox 164 2934 1186 3004; baseline 0.002 -17"><span class='ocrx_word' id='word_1_252' title='bbox 164 2936 240 2987; x_wconf 90' lang='lat' dir='ltr'><strong><em>altero</em></strong></span> <span class='ocrx_word' id='word_1_253' title='bbox 258 2937 361 2986; x_wconf 83' lang='lat' dir='ltr'><strong><em>carmine</em></strong></span> <span class='ocrx_word' id='word_1_254' title='bbox 378 2935 442 2999; x_wconf 82' lang='lat' dir='ltr'><strong><em>quod</em></strong></span> <span class='ocrx_word' id='word_1_255' title='bbox 457 2935 492 2985; x_wconf 88' lang='lat' dir='ltr'><strong><em>od</em></strong></span> <span class='ocrx_word' id='word_1_256' title='bbox 507 2934 602 2986; x_wconf 86' lang='lat' dir='ltr'><strong><em>eundem</em></strong></span> <span class='ocrx_word' id='word_1_257' title='bbox 625 2934 755 2986; x_wconf 62' lang='lat' dir='ltr'><strong><em>(artasium</em></strong></span> <span class='ocrx_word' id='word_1_258' title='bbox 772 2937 801 2987; x_wconf 89' lang='lat' dir='ltr'><strong><em>de</em></strong></span> <span class='ocrx_word' id='word_1_259' title='bbox 818 2937 897 2988; x_wconf 87' lang='lat' dir='ltr'><strong><em>eadem</em></strong></span> <span class='ocrx_word' id='word_1_260' title='bbox 910 2955 935 2988; x_wconf 90' lang='lat' dir='ltr'><strong><em>re</em></strong></span> <span class='ocrx_word' id='word_1_261' title='bbox 952 2937 1060 2989; x_wconf 83' lang='lat' dir='ltr'><strong><em>Catullus</em></strong></span> <span class='ocrx_word' id='word_1_262' title='bbox 1072 2940 1186 3004; x_wconf 87' lang='lat' dir='ltr'><strong><em>scripsis-</em></strong></span> 
     </span>
     <span class='ocr_line' id='line_1_28' title="bbox 163 3019 1186 3088; baseline 0.004 -19"><span class='ocrx_word' id='word_1_263' title='bbox 163 3028 200 3070; x_wconf 85' lang='lat' dir='ltr'><strong><em>set</em></strong></span> <span class='ocrx_word' id='word_1_264' title='bbox 216 3020 308 3069; x_wconf 88' lang='lat' dir='ltr'><strong><em>sernati</em></strong></span> <span class='ocrx_word' id='word_1_265' title='bbox 324 3029 407 3068; x_wconf 84' lang='lat' dir='ltr'><strong><em>essent.</em></strong></span> <span class='ocrx_word' id='word_1_266' title='bbox 444 3019 480 3067; x_wconf 85' lang='lat' dir='ltr'><strong><em>ln&#39;s</em></strong></span> <span class='ocrx_word' id='word_1_267' title='bbox 504 3020 576 3083; x_wconf 76' lang='lat' dir='ltr'><strong><em>ipitur</em></strong></span> <span class='ocrx_word' id='word_1_268' title='bbox 597 3021 703 3070; x_wconf 76' lang='lat' dir='ltr'><strong><em>uersibus</em></strong></span> <span class='ocrx_word' id='word_1_269' title='bbox 723 3021 816 3070; x_wconf 88' lang='lat' dir='ltr'><strong><em>omissis</em></strong></span> <span class='ocrx_word' id='word_1_270' title='bbox 835 3021 975 3072; x_wconf 77' lang='lat' dir='ltr'><strong><em>Lauterln&#39;us</em></strong></span> <span class='ocrx_word' id='word_1_271' title='bbox 992 3024 1097 3088; x_wconf 84' lang='lat' dir='ltr'><strong><em>straplris</em></strong></span> <span class='ocrx_word' id='word_1_272' title='bbox 1117 3033 1186 3073; x_wconf 77' lang='lat' dir='ltr'><strong><em>toarm</em></strong></span> 
     </span>
     <span class='ocr_line' id='line_1_29' title="bbox 164 3104 1185 3171; baseline 0.004 -17"><span class='ocrx_word' id='word_1_273' title='bbox 164 3114 273 3155; x_wconf 86' lang='lat' dir='ltr'><strong><em>constare</em></strong></span> <span class='ocrx_word' id='word_1_274' title='bbox 296 3121 389 3153; x_wconf 82' lang='lat' dir='ltr'><strong><em>corrasa</em></strong></span> <span class='ocrx_word' id='word_1_275' title='bbox 411 3105 589 3153; x_wconf 68' lang='lat' dir='ltr'><strong><em>arbitraturus</em></strong></span> <span class='ocrx_word' id='word_1_276' title='bbox 610 3104 671 3153; x_wconf 88' lang='lat' dir='ltr'><strong><em>inter</em></strong></span> <span class='ocrx_word' id='word_1_277' title='bbox 688 3123 710 3154; x_wconf 86' lang='lat' dir='ltr'><strong><em>a.</em></strong></span> <span class='ocrx_word' id='word_1_278' title='bbox 728 3107 762 3154; x_wconf 80' lang='lat'><strong><em>13</em></strong></span> <span class='ocrx_word' id='word_1_279' title='bbox 780 3115 802 3154; x_wconf 91' lang='lat' dir='ltr'><strong><em>et</em></strong></span> <span class='ocrx_word' id='word_1_280' title='bbox 820 3107 852 3156; x_wconf 76' lang='lat' dir='ltr'><strong><em>tt</em></strong></span> <span class='ocrx_word' id='word_1_281' title='bbox 869 3124 962 3156; x_wconf 87' lang='lat' dir='ltr'><strong><em>uersum</em></strong></span> <span class='ocrx_word' id='word_1_282' title='bbox 980 3108 1047 3158; x_wconf 81' lang='lat' dir='ltr'><strong><em>buius</em></strong></span> <span class='ocrx_word' id='word_1_283' title='bbox 1056 3109 1115 3171; x_wconf 86' lang='lat' dir='ltr'><strong><em>sere</em></strong></span> <span class='ocrx_word' id='word_1_284' title='bbox 1132 3126 1185 3159; x_wconf 83' lang='lat' dir='ltr'><strong><em>sert-</em></strong></span> 
     </span>
     <span class='ocr_line' id='line_1_30' title="bbox 165 3187 1186 3252; baseline 0.003 -13"><span class='ocrx_word' id='word_1_285' title='bbox 165 3190 249 3240; x_wconf 85' lang='lat' dir='ltr'><strong><em>tsntiae</em></strong></span> <span class='ocrx_word' id='word_1_286' title='bbox 271 3193 306 3238; x_wconf 88' lang='lat' dir='ltr'><strong><em>‘et</em></strong></span> <span class='ocrx_word' id='word_1_287' title='bbox 323 3188 390 3238; x_wconf 90' lang='lat' dir='ltr'><strong><em>oneri</em></strong></span> <span class='ocrx_word' id='word_1_288' title='bbox 405 3188 506 3237; x_wconf 79' lang='lat' dir='ltr'><strong><em>nsaairno</em></strong></span> <span class='ocrx_word' id='word_1_289' title='bbox 523 3187 560 3237; x_wconf 87' lang='lat' dir='ltr'><strong><em>es&#39;</em></strong></span> <span class='ocrx_word' id='word_1_290' title='bbox 584 3197 606 3237; x_wconf 88' lang='lat' dir='ltr'><strong><em>et</em></strong></span> <span class='ocrx_word' id='word_1_291' title='bbox 625 3198 682 3252; x_wconf 87' lang='lat' dir='ltr'><strong><em>post</em></strong></span> <span class='ocrx_word' id='word_1_292' title='bbox 702 3189 806 3238; x_wconf 86' lang='lat' dir='ltr'><strong><em>ultimum</em></strong></span> <span class='ocrx_word' id='word_1_293' title='bbox 829 3208 849 3240; x_wconf 93' lang='lat' dir='ltr'><strong><em>u.</em></strong></span> <span class='ocrx_word' id='word_1_294' title='bbox 873 3189 911 3240; x_wconf 91' lang='grc'><strong><em>22</em></strong></span> <span class='ocrx_word' id='word_1_295' title='bbox 933 3209 1025 3242; x_wconf 85' lang='lat' dir='ltr'><strong><em>uersron</em></strong></span> <span class='ocrx_word' id='word_1_296' title='bbox 1046 3192 1115 3242; x_wconf 87' lang='lat' dir='ltr'><strong><em>buius</em></strong></span> <span class='ocrx_word' id='word_1_297' title='bbox 1132 3211 1186 3243; x_wconf 80' lang='lat' dir='ltr'><strong><em>sen·</em></strong></span> 
     </span>
     <span class='ocr_line' id='line_1_31' title="bbox 164 3273 1185 3343; baseline 0.003 -18"><span class='ocrx_word' id='word_1_298' title='bbox 164 3275 249 3326; x_wconf 87' lang='lat' dir='ltr'><strong><em>tentiae</em></strong></span> <span class='ocrx_word' id='word_1_299' title='bbox 267 3281 345 3339; x_wconf 85' lang='lat' dir='ltr'><strong><em>‘quem</em></strong></span> <span class='ocrx_word' id='word_1_300' title='bbox 364 3275 475 3339; x_wconf 88' lang='lat' dir='ltr'><strong><em>protinus</em></strong></span> <span class='ocrx_word' id='word_1_301' title='bbox 499 3275 606 3324; x_wconf 85' lang='lat' dir='ltr'><strong><em>uersibus</em></strong></span> <span class='ocrx_word' id='word_1_302' title='bbox 628 3273 764 3324; x_wconf 88' lang='lat' dir='ltr'><strong><em>celebrabo’</em></strong></span> <span class='ocrx_word' id='word_1_303' title='bbox 783 3274 857 3341; x_wconf 80' lang='lat' dir='ltr'><strong><em>(corti.</em></strong></span> <span class='ocrx_word' id='word_1_304' title='bbox 888 3275 926 3325; x_wconf 86' lang='lat' dir='ltr'><strong><em>VI</em></strong></span> <span class='ocrx_word' id='word_1_305' title='bbox 946 3277 988 3327; x_wconf 81' lang='lat'><strong><em>16.</em></strong></span> <span class='ocrx_word' id='word_1_306' title='bbox 1007 3277 1054 3343; x_wconf 88' lang='grc'><em>17)</em></span> <span class='ocrx_word' id='word_1_307' title='bbox 1073 3279 1185 3328; x_wconf 68' lang='lat' dir='ltr'><strong><em>araturam</em></strong></span> 
     </span>
     <span class='ocr_line' id='line_1_32' title="bbox 162 3359 1185 3425; baseline 0.002 -14"><span class='ocrx_word' id='word_1_308' title='bbox 162 3377 213 3411; x_wconf 88' lang='lat' dir='ltr'><strong><em>esse</em></strong></span> <span class='ocrx_word' id='word_1_309' title='bbox 230 3360 323 3410; x_wconf 77' lang='lat' dir='ltr'><strong><em>steterit.</em></strong></span> <span class='ocrx_word' id='word_1_310' title='bbox 358 3377 401 3425; x_wconf 78' lang='lat' dir='ltr'><strong><em>epo</em></strong></span> <span class='ocrx_word' id='word_1_311' title='bbox 419 3359 517 3424; x_wconf 72' lang='lat' dir='ltr'><strong><em>quidem</em></strong></span> <span class='ocrx_word' id='word_1_312' title='bbox 538 3377 587 3408; x_wconf 78' lang='lat' dir='ltr'><strong><em>arnt</em></strong></span> <span class='ocrx_word' id='word_1_313' title='bbox 606 3375 688 3409; x_wconf 77' lang='lat' dir='ltr'><strong><em>uersus</em></strong></span> <span class='ocrx_word' id='word_1_314' title='bbox 706 3359 796 3425; x_wconf 74' lang='lat' dir='ltr'><strong><em>sinpuli</em></strong></span> <span class='ocrx_word' id='word_1_315' title='bbox 813 3361 847 3410; x_wconf 92' lang='lat' dir='ltr'><strong><em>ita</em></strong></span> <span class='ocrx_word' id='word_1_316' title='bbox 864 3371 890 3411; x_wconf 90' lang='lat' dir='ltr'><strong><em>ut</em></strong></span> <span class='ocrx_word' id='word_1_317' title='bbox 907 3379 983 3412; x_wconf 83' lang='lat' dir='ltr'><strong><em>omrrrs</em></strong></span> <span class='ocrx_word' id='word_1_318' title='bbox 1002 3363 1080 3412; x_wconf 86' lang='lat' dir='ltr'><strong><em>eodem</em></strong></span> <span class='ocrx_word' id='word_1_319' title='bbox 1094 3363 1185 3414; x_wconf 79' lang='lat' dir='ltr'><strong><em>rrtodalo</em></strong></span> 
     </span>
     <span class='ocr_line' id='line_1_33' title="bbox 162 3444 1185 3512; baseline 0.003 -16"><span class='ocrx_word' id='word_1_320' title='bbox 162 3445 280 3511; x_wconf 82' lang='lat' dir='ltr'><strong><em>stropbico</em></strong></span> <span class='ocrx_word' id='word_1_321' title='bbox 299 3455 430 3496; x_wconf 84' lang='lat' dir='ltr'><strong><em>terrerentur</em></strong></span> <span class='ocrx_word' id='word_1_322' title='bbox 448 3444 560 3494; x_wconf 82' lang='lat' dir='ltr'><strong><em>distribui</em></strong></span> <span class='ocrx_word' id='word_1_323' title='bbox 577 3462 621 3494; x_wconf 89' lang='lat' dir='ltr'><strong><em>noa</em></strong></span> <span class='ocrx_word' id='word_1_324' title='bbox 636 3456 740 3509; x_wconf 81' lang='lat' dir='ltr'><strong><em>possent,</em></strong></span> <span class='ocrx_word' id='word_1_325' title='bbox 760 3446 783 3495; x_wconf 89' lang='lat' dir='ltr'><strong><em>in</em></strong></span> <span class='ocrx_word' id='word_1_326' title='bbox 801 3445 849 3496; x_wconf 86' lang='lat' dir='ltr'><strong><em>ind.</em></strong></span> <span class='ocrx_word' id='word_1_327' title='bbox 870 3447 920 3497; x_wconf 87' lang='lat' dir='ltr'><strong><em>lect.</em></strong></span> <span class='ocrx_word' id='word_1_328' title='bbox 932 3447 1001 3512; x_wconf 81' lang='lat' dir='ltr'><strong><em>dorp.</em></strong></span> <span class='ocrx_word' id='word_1_329' title='bbox 1014 3466 1038 3498; x_wconf 87' lang='lat' dir='ltr'><strong><em>a.</em></strong></span> <span class='ocrx_word' id='word_1_330' title='bbox 1050 3449 1122 3499; x_wconf 69' lang='lat' dir='ltr'><strong><em>tots</em></strong></span> <span class='ocrx_word' id='word_1_331' title='bbox 1139 3448 1185 3499; x_wconf 87' lang='lat' dir='ltr'><strong><em>dno</em></strong></span> 
     </span>
     <span class='ocr_line' id='line_1_34' title="bbox 161 3529 1184 3597; baseline 0.003 -17"><span class='ocrx_word' id='word_1_332' title='bbox 161 3549 251 3597; x_wconf 77' lang='lat' dir='ltr'><strong><em>ponera</em></strong></span> <span class='ocrx_word' id='word_1_333' title='bbox 268 3531 380 3595; x_wconf 86' lang='lat' dir='ltr'><strong><em>stropbae</em></strong></span> <span class='ocrx_word' id='word_1_334' title='bbox 398 3533 428 3580; x_wconf 88' lang='lat' dir='ltr'><strong><em>ab</em></strong></span> <span class='ocrx_word' id='word_1_335' title='bbox 447 3529 546 3579; x_wconf 85' lang='lat' dir='ltr'><strong><em>Ilandio</em></strong></span> <span class='ocrx_word' id='word_1_336' title='bbox 564 3540 672 3594; x_wconf 83' lang='lat' dir='ltr'><strong><em>repertae</em></strong></span> <span class='ocrx_word' id='word_1_337' title='bbox 690 3529 789 3590; x_wconf 79' lang='lat' dir='ltr'><strong><em>aderisi,</em></strong></span> <span class='ocrx_word' id='word_1_338' title='bbox 808 3531 908 3581; x_wconf 89' lang='lat' dir='ltr'><strong><em>alterum</em></strong></span> <span class='ocrx_word' id='word_1_339' title='bbox 926 3533 950 3582; x_wconf 88' lang='lat' dir='ltr'><strong><em>in</em></strong></span> <span class='ocrx_word' id='word_1_340' title='bbox 968 3551 1013 3596; x_wconf 81' lang='lat' dir='ltr'><strong><em>rpro</em></strong></span> <span class='ocrx_word' id='word_1_341' title='bbox 1030 3551 1113 3583; x_wconf 83' lang='lat' dir='ltr'><strong><em>uersus</em></strong></span> <span class='ocrx_word' id='word_1_342' title='bbox 1131 3551 1184 3583; x_wconf 85' lang='lat' dir='ltr'><strong><em>con·</em></strong></span> 
     </span>
     <span class='ocr_line' id='line_1_35' title="bbox 165 3614 1184 3681; baseline 0.002 -14"><span class='ocrx_word' id='word_1_343' title='bbox 165 3624 256 3667; x_wconf 73' lang='lat' dir='ltr'><strong><em>bacato</em></strong></span> <span class='ocrx_word' id='word_1_344' title='bbox 273 3616 361 3681; x_wconf 79' lang='lat' dir='ltr'><strong><em>intepro</em></strong></span> <span class='ocrx_word' id='word_1_345' title='bbox 380 3614 506 3676; x_wconf 87' lang='lat' dir='ltr'><strong><em>antecedit,</em></strong></span> <span class='ocrx_word' id='word_1_346' title='bbox 529 3615 627 3665; x_wconf 87' lang='lat' dir='ltr'><strong><em>alterum</em></strong></span> <span class='ocrx_word' id='word_1_347' title='bbox 650 3616 673 3665; x_wconf 88' lang='lat' dir='ltr'><strong><em>in</em></strong></span> <span class='ocrx_word' id='word_1_348' title='bbox 692 3633 737 3680; x_wconf 80' lang='lat' dir='ltr'><strong><em>qao</em></strong></span> <span class='ocrx_word' id='word_1_349' title='bbox 756 3615 836 3666; x_wconf 86' lang='lat' dir='ltr'><strong><em>ordine</em></strong></span> <span class='ocrx_word' id='word_1_350' title='bbox 854 3618 947 3667; x_wconf 82' lang='lat' dir='ltr'><strong><em>inreerso</em></strong></span> <span class='ocrx_word' id='word_1_351' title='bbox 965 3618 1015 3667; x_wconf 90' lang='lat' dir='ltr'><strong><em>bini</em></strong></span> <span class='ocrx_word' id='word_1_352' title='bbox 1030 3635 1113 3668; x_wconf 65' lang='lat' dir='ltr'><strong><em>ansus</em></strong></span> <span class='ocrx_word' id='word_1_353' title='bbox 1131 3637 1184 3668; x_wconf 90' lang='lat' dir='ltr'><strong><em>con·</em></strong></span> 
     </span>
     <span class='ocr_line' id='line_1_36' title="bbox 164 3700 1183 3770; baseline 0.003 -19"><span class='ocrx_word' id='word_1_354' title='bbox 164 3700 237 3752; x_wconf 84' lang='lat' dir='ltr'><strong><em>locati</em></strong></span> <span class='ocrx_word' id='word_1_355' title='bbox 256 3710 316 3750; x_wconf 88' lang='lat' dir='ltr'><strong><em>sunt.</em></strong></span> <span class='ocrx_word' id='word_1_356' title='bbox 355 3701 425 3766; x_wconf 90' lang='lat' dir='ltr'><strong><em>prius</em></strong></span> <span class='ocrx_word' id='word_1_357' title='bbox 445 3717 519 3768; x_wconf 73' lang='lat' dir='ltr'><strong><em>penus</em></strong></span> <span class='ocrx_word' id='word_1_358' title='bbox 543 3701 566 3750; x_wconf 88' lang='lat' dir='ltr'><strong><em>ia</em></strong></span> <span class='ocrx_word' id='word_1_359' title='bbox 587 3701 709 3765; x_wconf 84' lang='lat' dir='ltr'><strong><em>prioribus</em></strong></span> <span class='ocrx_word' id='word_1_360' title='bbox 727 3703 764 3768; x_wconf 90' lang='lat' dir='ltr'><strong><em>(u.</em></strong></span> <span class='ocrx_word' id='word_1_361' title='bbox 788 3702 887 3770; x_wconf 88' lang='grc'><em>1-12)</em></span> <span class='ocrx_word' id='word_1_362' title='bbox 902 3704 1023 3768; x_wconf 86' lang='lat' dir='ltr'><strong><em>posterius</em></strong></span> <span class='ocrx_word' id='word_1_363' title='bbox 1041 3706 1065 3754; x_wconf 87' lang='lat' dir='ltr'><strong><em>iu</em></strong></span> <span class='ocrx_word' id='word_1_364' title='bbox 1081 3706 1183 3770; x_wconf 86' lang='lat' dir='ltr'><strong><em>posteri-</em></strong></span> 
     </span>
     <span class='ocr_line' id='line_1_37' title="bbox 161 3785 1183 3855; baseline 0.004 -20"><span class='ocrx_word' id='word_1_365' title='bbox 161 3785 243 3836; x_wconf 86' lang='lat' dir='ltr'><strong><em>oribus</em></strong></span> <span class='ocrx_word' id='word_1_366' title='bbox 267 3785 304 3850; x_wconf 89' lang='lat' dir='ltr'><strong><em>(n.</em></strong></span> <span class='ocrx_word' id='word_1_367' title='bbox 326 3786 458 3850; x_wconf 81' lang='lat'><strong><em>15-22)</em></strong></span> <span class='ocrx_word' id='word_1_368' title='bbox 483 3787 595 3836; x_wconf 80' lang='lat' dir='ltr'><strong><em>carminis·</em></strong></span> <span class='ocrx_word' id='word_1_369' title='bbox 619 3786 725 3837; x_wconf 88' lang='lat' dir='ltr'><strong><em>uersibus</em></strong></span> <span class='ocrx_word' id='word_1_370' title='bbox 748 3787 872 3839; x_wconf 79' lang='lat' dir='ltr'><strong><em>irruem&#39;tar.</em></strong></span> <span class='ocrx_word' id='word_1_371' title='bbox 916 3787 969 3839; x_wconf 87' lang='lat' dir='ltr'><strong><em>alia</em></strong></span> <span class='ocrx_word' id='word_1_372' title='bbox 992 3789 1041 3855; x_wconf 74' lang='lat' dir='ltr'><strong><em>laps</em></strong></span> <span class='ocrx_word' id='word_1_373' title='bbox 1063 3791 1087 3840; x_wconf 88' lang='lat' dir='ltr'><strong><em>in</em></strong></span> <span class='ocrx_word' id='word_1_374' title='bbox 1110 3789 1183 3840; x_wconf 85' lang='lat' dir='ltr'><strong><em>media</em></strong></span> 
     </span>
     <span class='ocr_line' id='line_1_38' title="bbox 161 3870 1183 3939; baseline -0.001 -17"><span class='ocrx_word' id='word_1_375' title='bbox 161 3870 267 3922; x_wconf 87' lang='lat' dir='ltr'><strong><em>carmine</em></strong></span> <span class='ocrx_word' id='word_1_376' title='bbox 284 3888 365 3921; x_wconf 86' lang='lat' dir='ltr'><strong><em>uersus</em></strong></span> <span class='ocrx_word' id='word_1_377' title='bbox 388 3871 426 3922; x_wconf 84' lang='grc'><strong><em>23</em></strong></span> <span class='ocrx_word' id='word_1_378' title='bbox 432 3871 509 3922; x_wconf 82' lang='grc'><strong><em>-30</em></strong></span> <span class='ocrx_word' id='word_1_379' title='bbox 530 3872 638 3922; x_wconf 77' lang='lat' dir='ltr'><strong><em>cassini</em></strong></span> <span class='ocrx_word' id='word_1_380' title='bbox 653 3881 718 3934; x_wconf 86' lang='lat' dir='ltr'><strong><em>sant,</em></strong></span> <span class='ocrx_word' id='word_1_381' title='bbox 742 3872 765 3926; x_wconf 81' lang='lat' dir='ltr'><strong><em>lt.</em></strong></span> <span class='ocrx_word' id='word_1_382' title='bbox 784 3891 803 3926; x_wconf 86' lang='lat' dir='ltr'><strong><em>s.</em></strong></span> <span class='ocrx_word' id='word_1_383' title='bbox 821 3883 932 3938; x_wconf 81' lang='lat' dir='ltr'><strong><em>quattuor</em></strong></span> <span class='ocrx_word' id='word_1_384' title='bbox 949 3875 1061 3939; x_wconf 73' lang='lat' dir='ltr'><strong><em>strophae</em></strong></span> <span class='ocrx_word' id='word_1_385' title='bbox 1079 3874 1183 3924; x_wconf 88' lang='lat' dir='ltr'><strong><em>binorum</em></strong></span> 
     </span>
    </p>
   </div>
   <div class='ocr_carea' id='block_1_4' title="bbox 943 3967 1049 4025">
    <p class='ocr_par' dir='ltr' id='par_1_4' title="bbox 943 3967 1049 4025">
     <span class='ocr_line' id='line_1_39' title="bbox 943 3967 1049 4025; baseline -0.019 0"><span class='ocrx_word' id='word_1_386' title='bbox 943 3967 1049 4025; x_wconf 74' lang='lat' dir='ltr'><strong><em>er·</em></strong></span> 
     </span>
    </p>
   </div>
   <div class='ocr_carea' id='block_1_5' title="bbox 0 0 1466 4478">
    <p class='ocr_par' dir='ltr' id='par_1_5' title="bbox 0 0 1466 4478">
     <span class='ocr_line' id='line_1_40' title="bbox 0 0 1466 4478; baseline 0 0"><span class='ocrx_word' id='word_1_387' title='bbox 0 0 1466 4478; x_wconf 95' lang='lat' dir='ltr'><strong><em> </em></strong></span> 
     </span>
    </p>
   </div>
  </div>
 </body>
</html>
