2970 4484
289 317 340 368 282
492 313 570 368 vnn
603 313 651 368 Du
670 313 827 367 CAESARE
843 313 891 366 ΕΤ
908 313 1138 368 causamme

289 479 522 548 indicauerunt.
565 491 692 548 ueteres
714 480 885 569 scriptores
911 491 945 548 et
968 490 1084 568 poetae
1106 506 1127 548 a
1152 482 1339 548 nominibus

290 600 376 666 ueris
411 599 576 665 bominum
611 608 793 688 temporum
828 621 959 666 suorum
996 599 1199 666 nominandis
1234 599 1338 666 multo

289 718 395 783 miuus
425 717 632 785 abstinebant
660 739 756 804 quam
787 716 817 780 ei
846 715 901 804 qui
922 739 1007 782 nuno
1029 715 1144 782 mount
1163 715 1339 804 scriptores

290 835 395 900 solent
422 859 430 900 ε
461 833 494 898 in
525 832 636 920 primis
668 833 696 898 ei
728 833 785 921 qui
818 832 960 899 carmina
990 834 1147 920 probrosa
1177 834 1338 916 fecerunt,
1445 871 1448 878 -

290 951 438 1042 quamuis
467 972 526 1017 nos
554 971 595 1016 ex
622 952 781 1016 sententia
811 950 976 1016 hominum
1004 962 1135 1018 nostram
1162 950 1338 1018 memoriae

289 1070 337 1135 his
359 1091 438 1158 prae
460 1065 607 1144 omnibus
628 1067 826 1134 reticentiam
856 1067 1017 1156 quandam
1043 1068 1208 1135 nominum
1237 1068 1338 1134 direc-

278 1197 396 1253 torum
417 1185 650 1269 attribuamus,
673 1206 768 1273 quam
790 1185 963 1250 maximam
984 1185 1043 1250 hoc
1064 1185 1097 1250 in
1118 1209 1154 1252 re
1174 1185 1338 1252 licentiam

290 1304 351 1370 sibi
378 1313 582 1391 sumpserunt
610 1302 664 1386 (cf.
686 1302 828 1390 Appulei
857 1302 897 1366 de
926 1325 1012 1390 mag.
1037 1304 1077 1370 10
1096 1326 1125 1391 p.
1148 1303 1237 1388 405).
1280 1303 1338 1370 sed

289 1422 373 1487 hanc
387 1443 455 1486 rem
469 1417 652 1485 adcuratius
670 1417 820 1506 persequi
841 1417 921 1484 nihil
942 1418 983 1485 ad
1002 1441 1070 1484 nos.
1114 1421 1148 1484 in
1168 1420 1337 1486 nominum

289 1538 390 1626 igitur
421 1535 551 1602 fictione
584 1535 758 1623 scriptores
791 1546 824 1602 et
854 1545 970 1624 poetae
1003 1535 1056 1602 alii
1088 1536 1167 1602 alias
1195 1539 1338 1604 rationes

290 1655 390 1722 secuti
412 1663 497 1720 sunt.
540 1652 594 1720 alii
614 1653 744 1720 nomina
764 1654 810 1718 ita
830 1653 995 1720 finxerunt
1015 1666 1051 1720 ut
1070 1676 1223 1721 uerorum
1236 1657 1338 1720 nomi·

289 1796 367 1840 num
388 1772 518 1838 omnino
541 1769 661 1837 nnllam
681 1771 838 1838 rationem
860 1771 1025 1838 haberent.
1068 1771 1157 1858 quod
1171 1771 1338 1858 Vergilius

291 1893 326 1958 in
358 1890 479 1977 eologis
510 1887 636 1976 saepius
667 1887 763 1972 fecit,
795 1888 894 1954 ueluti
927 1911 1000 1954 cum
1029 1887 1091 1956 sibi
1118 1889 1179 1976 ipsi
1206 1889 1340 1956 nomina

291 2008 397 2096 Tityri
419 2019 452 2073 et
468 2007 635 2073 Menalcae
656 2005 781 2072 indidit
824 2007 878 2072 alii
900 2006 957 2073 tali
978 2006 1113 2073 artificio
1134 2006 1183 2071 usi
1205 2017 1281 2073 sunt
1301 2017 1339 2073 ut

291 2125 471 2192 nominibus
493 2124 575 2190 lictis
595 2124 673 2212 ipsis
695 2145 774 2190 uere
794 2124 925 2190 nomina
940 2123 1142 2212 aliquatenus
1157 2123 1339 2192 iudicarent

292 2255 325 2310 et
346 2241 528 2331 proderent.
570 2242 665 2310 huius
687 2239 775 2306 modi
796 2240 915 2308 indicia
937 2239 1101 2306 nominum
1122 2241 1337 2328 genuinorum

291 2372 408 2449 poetae
428 2359 536 2426 Latini
558 2359 648 2426 uaria
668 2359 939 2446 excogitauerunt
958 2368 1057 2446 atque
1072 2357 1189 2446 partim
1208 2359 1339 2446 singula

292 2477 481 2566 singillatim
502 2479 618 2566 partim
641 2478 795 2564 conplura
816 2477 910 2542 simul
926 2485 1174 2565 usurpaueruut.
1217 2476 1339 2544 indicia

291 2608 401 2664 autem
418 2595 473 2661 illa
489 2593 625 2660 nominis
640 2593 824 2682 primigenii
839 2603 895 2660 aut
909 2615 1094 2660 mensuram
1108 2616 1265 2662 sonumue
1281 2606 1338 2662 aut

291 2714 357 2780 uim
377 2711 605 2801 adpellatiusm
622 2721 678 2777 aut
702 2711 769 2777 eius
787 2711 878 2776 ouius
896 2733 1012 2776 nomen
1030 2711 1253 2779 inmutandum
1268 2723 1338 2780 erat

292 2831 360 2897 siue
376 2831 513 2918 speciem
529 2828 596 2896 siue
611 2829 778 2916 ingenium
789 2850 937 2895 moresne
951 2829 1019 2895 siue
1033 2831 1122 2897 facta
1135 2829 1336 2918 spectabant.

190 2983 195 2996 ·
292 2948 438 3016 Catullus
460 2949 559 3036 igitur
580 2947 729 3014 Tibullus
753 2946 867 3014 Gallus
887 2948 1074 3036 Propertius
1094 2948 1136 3015 ad
1156 2949 1337 3036 puellarum

291 3039 421 3133 snorum
457 3064 623 3152 ingenium
658 3064 819 3152 poeticum
857 3065 1064 3152 respicientes
1098 3077 1197 3154 atque
1231 3067 1337 3149 simul,

292 3194 328 3248 ut
348 3185 450 3248 altero
471 3180 589 3248 indicio
613 3183 722 3248 addito
752 3181 872 3248 ueritas
901 3182 1009 3270 paullo
1037 3181 1162 3250 facilius
1191 3183 1337 3271 intellegi

291 3309 324 3366 et
351 3321 468 3367 nomeu
496 3309 668 3388 utrumque
693 3321 828 3365 numero
855 3301 946 3368 saluo
972 3299 1057 3365 inter
1086 3323 1120 3366 se
1148 3302 1337 3368 commutari

291 3427 421 3506 posset,
465 3439 645 3483 mensuram
680 3418 845 3483 nominum
881 3417 1095 3504 genuinorum
1127 3419 1336 3488 obseruantes

290 3533 422 3600 nomina
448 3531 586 3599 Lesbiae
613 3535 726 3600 Deliae
749 3533 920 3620 Lycoridis
943 3533 1103 3622 Cynthiae
1133 3537 1335 3604 inuenerunt.

290 3649 336 3716 ita
356 3651 512 3718 Horatius
535 3651 770 3718 deformitatem
794 3652 962 3720 Gratidiae
983 3653 1220 3741 Neapolitanae
1245 3655 1335 3722 easti-

291 3777 426 3854 gaturus
459 3789 627 3836 mensurae
657 3780 766 3836 tamen
797 3781 830 3856 et
859 3770 1061 3859 aliquatenus
1093 3769 1162 3838 soni
1195 3793 1261 3836 non
1290 3774 1334 3838 in·

293 3883 436 3951 curiosus
469 3884 638 3952 Canidiam
669 3885 759 3952 dixit
812 3911 889 3954 num
922 3885 1059 3955 Ouidius
1091 3911 1164 3955 cum
1194 3890 1335 3976 puellam
