3002 4490
436 345 515 400 11111
549 345 597 399 uu
613 343 793 400 rosuvrrm
809 344 856 398 ur
874 343 1024 398 courum
1206 347 1256 396 ero
1379 417 1381 422 Ι

410 511 554 580 Mirator
573 511 672 578 adali
687 534 767 597 puer
787 509 927 592 Folmr',

408 634 496 718 saper
516 634 558 694 mi
576 628 691 695 colicas
713 633 889 712 omonmee,

409 758 443 811 ut
462 747 511 812 loc
531 745 709 812 Postumiae
728 747 806 810 debat
825 746 996 831 mops'stroe

410 862 531 928 adsim
550 863 645 928 oeiao
667 863 848 928 orosam.

409 991 444 1044 at
462 1001 518 1044 aoa
537 1001 597 1067 quo
618 979 698 1046 tote
716 982 783 1045 trito
805 977 896 1056 obite,
918 977 1069 1064 lymphae,

410 1097 479 1162 adri
495 1097 661 1184 pernicies,
683 1109 710 1162 et
730 1098 775 1162 ad
792 1119 910 1163 emeres

410 1214 541 1300 msyrate
560 1239 571 1278 .·
591 1214 643 1280 tto
663 1237 764 1280 marus
785 1227 830 1280 est
855 1213 1067 1300 repondens.

211 1405 310 1485 poeta
337 1395 437 1484 igitur
464 1398 648 1484 pincernam
676 1399 864 1466 adhortatur
883 1395 1006 1486 ut'legi
1027 1420 1123 1487 quam
1146 1395 1260 1462 Postu·

211 1513 286 1594 mia,
307 1513 421 1579 mulier
436 1515 571 1595 ebriosa,
593 1515 723 1583 bibendi
742 1517 961 1602 magisterium
983 1515 1097 1582 sortita
1120 1536 1259 1603 pronun·

212 1629 293 1696 tiara
308 1631 431 1696 solebat
445 1629 620 1697 oboediens
634 1633 746 1698 uinum
761 1633 916 1698 meracius
939 1631 1015 1719 (hoc
1037 1632 1122 1697 enim
1145 1633 1260 1697 calices

212 1753 382 1814 omanores
411 1747 606 1835 significant)
637 1749 698 1816 sibi
724 1749 881 1815 infundat.
926 1749 998 1838 quis
1019 1747 1073 1814 ills
1094 1746 1261 1814 Postumia

212 1864 312 1930 fuerit
341 1863 498 1931 incertum
528 1877 593 1943 est,
622 1865 685 1931 nisi
707 1867 790 1932 forte
811 1864 980 1952 probabile
1002 1886 1072 1930 esse
1094 1863 1222 1930 uidetur
1242 1887 1262 1930 a

213 1979 344 2048 Catullo
372 1981 435 2046 hoe
462 2004 559 2047 uersu
580 1981 767 2050 Postumiae
789 1980 896 2048 Seruii
924 1981 1058 2070 Sulpicii
1085 1981 1162 2047 Rufi
1189 2002 1262 2046 con·

214 2097 291 2164 sulis
323 2097 399 2164 anni
430 2097 546 2176 703l51
576 2100 687 2166 uxoris
715 2098 930 2166 indecentiam
959 2099 1151 2186 castigatam
1181 2121 1261 2165 esse.

215 2237 311 2303 quarn
340 2215 508 2282 mulierem
535 2215 595 2282 etsi
625 2238 690 2284 non
720 2215 873 2284 adcurate
902 2217 1077 2283 memoriae
1108 2217 1262 2282 traditum

215 2344 265 2400 est
286 2332 472 2400 ebriositate
493 2333 645 2400 infamem
671 2333 785 2418 fuisse,
812 2343 938 2412 tamen,
966 2356 1041 2400 cum
1069 2333 1261 2400 adulterium

216 2472 289 2516 cum
310 2449 450 2518 Caesare
470 2451 585 2517 iecerit
605 2449 756 2540 idemque
777 2451 937 2538 flagitium
958 2473 1031 2516 cum
1051 2449 1094 2517 Cr.
1108 2449 1262 2516 Pontinio

214 2578 364 2656 praetore
393 2591 479 2636 anno
509 2569 628 2646 691163
661 2568 860 2636 commisisse
891 2566 1040 2634 uideatur
1071 2566 1126 2653 (cs.
1149 2565 1261 2634 Orellii

216 2694 375 2753 onomast.
396 2685 481 2752 Tull.
496 2709 526 2774 p.
542 2685 629 2769 493),
650 2684 731 2750 adeo
754 2707 774 2750 a
794 2691 961 2750 matronae
981 2683 1142 2771 dignitate
1163 2681 1263 2748 desci-

215 2803 302 2868 uisse
322 2802 469 2894 uidemus
495 2812 532 2868 ut
558 2823 629 2866 eam
650 2824 723 2867 cum
745 2797 823 2866 uiris
845 2800 954 2868 alienis
977 2799 1126 2867 conuiuia
1147 2801 1263 2888 egisse,

218 2918 305 3009 quod
321 2917 469 2986 Clodiam
490 2918 604 2986 facisse
618 2918 735 2985 Cicero
756 2927 905 3003 testatur,
927 2929 1048 2986 etcum
1063 2918 1108 2983 eis
1123 2917 1262 2984 bibendo

217 3047 356 3103 certasse
388 3048 420 3104 et
452 3037 542 3124 leges
569 3035 703 3104 bibendi
730 3037 832 3125 ipsam
863 3036 1002 3102 edixisse
1030 3059 1095 3102 non
1122 3035 1168 3100 ita
1194 3033 1263 3101 ueri

218 3153 371 3220 dissimile
396 3154 448 3220 sit.
500 3164 533 3220 at
554 3153 634 3218 haec
656 3153 764 3219 omnia
784 3161 817 3218 at
838 3173 943 3239 uagae
964 3160 1039 3218 sunt
1060 3148 1264 3218 coniecturae

217 3257 324 3359 neque
344 3269 515 3360 quicquam
536 3269 577 3336 da
598 3279 744 3357 tempore
764 3290 828 3358 quo
850 3290 979 3334 carmen
999 3267 1147 3336 Catullus
1168 3267 1264 3356 scrip-

218 3387 297 3454 serit
315 3387 377 3453 dici
397 3396 515 3477 potest

301 3555 489 3644 Disputatio
502 3565 614 3624 nostra
627 3555 669 3622 ad
682 3551 812 3624 carmen
831 3573 905 3622 cvru
929 3554 976 3640 Hi,
999 3554 1132 3640 Comini,
1151 3555 1268 3642 populi

219 3673 351 3742 aeuo
368 3687 423 3740 taso
443 3697 526 3740 cona
547 3685 685 3740 asumma
708 3672 768 3759 (ita
790 3674 875 3739 euim
894 3694 1008 3739 uersus
1022 3672 1144 3761 primus
1158 3673 1265 3762 legeu-

219 3791 280 3858 dus
300 3791 364 3877 est)
392 3791 609 3880 progreditur.
651 3811 769 3856 nomeu
797 3789 923 3857 0οωὺιί
946 3811 988 3856 ex
1016 3789 1169 3857 librorum
1198 3810 1266 3854 cor-

219 3909 347 3996 ruptela
378 3909 431 3974 sto
460 3910 580 3976 domata
611 3917 698 3974 recte
729 3910 912 3975 restitutum
944 3928 1015 3972 esse
1046 3927 1140 3972 remo
1170 3903 1265 3971 hodie
