2970 4484
370 305 447 356 vltn
481 304 529 357 DE
546 303 704 358 consultu
721 303 768 355 ET
785 301 1017 356 causaturum
1168 305 1218 354 227

171 475 368 542 Mamurram
396 482 503 539 autem
526 465 558 535 iri
580 470 630 536 his
652 491 780 558 qnoque
802 467 952 559 nequitiis
979 468 1058 534 nulli
1087 469 1220 535 cessisse

173 591 292 658 docent
313 591 405 658 multi
426 587 546 657 Catulli
569 609 679 654 uersus
701 589 757 672 (cf.
779 609 889 654 xxvun
913 586 985 652 l.8
1018 605 1084 651 nvn
1115 587 1219 669 caru).

172 709 228 776 ubi
257 707 358 774 maior
388 707 546 796 quaedam
575 705 726 772 uitiorum
755 705 840 770 inter
867 703 947 770 duos
975 703 1120 770 homines
1147 725 1220 768 con·

174 823 325 914 gruentia
352 823 490 889 inueniri
519 833 628 910 potest
658 843 757 908 quam
788 820 893 909 qualis
924 822 1009 886 inter
1039 819 1220 886 Mentulam

173 956 206 1008 et
219 940 418 1008 Mamurram
436 938 554 1006 extat?
584 950 617 1008 at
637 939 715 1027 quid
737 937 901 1006 nominum
923 939 1110 1005 diuersitate
1124 913 1220 1005 facia-

172 1057 273 1125 muel
313 1059 383 1145 ipsa
409 1055 546 1124 nominis
566 1054 731 1121 Mentulae
751 1065 868 1122 natura
889 1056 1067 1122 sententiae
1088 1055 1221 1122 anobis

172 1176 323 1242 defensae
343 1196 440 1261 qnam
463 1173 603 1238 maxime
623 1172 721 1238 lauet.
765 1175 883 1238 etenim
905 1193 1021 1238 nomen
1044 1171 1220 1256 Mentulae,

171 1294 265 1358 cuius
284 1292 467 1378 exemplum
489 1289 623 1355 alterum
645 1289 678 1355 in
700 1289 801 1356 titulis
823 1291 963 1375 antiquis
977 1289 1028 1356 nel
1048 1289 1133 1378 apud
1149 1290 1220 1355 reli·

172 1431 254 1498 quoa
281 1409 454 1496 scriptores
482 1409 602 1472 frustra
622 1405 850 1493 requisiueris,
882 1408 923 1472 ad
951 1407 1113 1473 hominem
1141 1407 1220 1474 sala-

171 1527 269 1593 citate
288 1525 441 1590 infamem
462 1523 698 1611 designandum
718 1522 828 1590 fictum
843 1547 915 1590 esse
931 1526 999 1590 sole
1019 1523 1137 1590 clarius
1158 1535 1218 1592 eat.

171 1644 259 1732 qnod
278 1643 305 1708 ei
318 1663 431 1708 uerum
447 1653 504 1724 est,
526 1643 585 1707 sub
599 1640 681 1706 falso
696 1640 862 1708 Mentulae
877 1641 1006 1708 nomine
1020 1639 1218 1708 Mamurram

171 1762 274 1829 latere
295 1770 425 1847 propter
452 1781 577 1824 morum
598 1780 710 1824 eorum
731 1757 970 1824 similitudinem
995 1758 1133 1824 dubitari
1154 1781 1220 1826 non

172 1887 302 1967 posset,
334 1875 430 1942 etiam
453 1877 480 1942 ei
507 1875 542 1941 id
569 1876 665 1942 certia
695 1877 895 1962 argumentis
923 1899 989 1943 non
1020 1876 1218 1944 demonstra-

170 2005 273 2062 retur.
315 2015 399 2081 quae
420 1994 538 2082 partim
559 1994 635 2058 inde
655 1994 802 2081 capimus
823 1992 909 2081 quod
931 1990 1092 2061 aOatullo
1106 2018 1217 2062 xxvnu

174 2113 214 2178 13
237 2112 402 2179 Mamurra
423 2111 490 2200 ipae
510 2115 571 2190 iata
590 2121 697 2176 uestro
718 2109 883 2193 (Caesaris
905 2121 938 2184 et
952 2111 1102 2200 Pompei)
1125 2111 1218 2197 defu·

169 2241 236 2297 tate
256 2229 391 2295 mentula
411 2229 529 2295 dicitur
549 2227 745 2316 adpellatiuo
768 2229 897 2317 quidem
911 2229 1039 2294 nomine
1053 2238 1217 2318 usurpato,

170 2347 230 2414 sed
250 2347 296 2412 ita
316 2355 424 2412 umen
452 2355 488 2412 ut
516 2367 580 2432 quo
609 2343 705 2412 modo
733 2345 809 2412 inde
836 2346 876 2411 ad
903 2367 1020 2412 nomen
1050 2347 1218 2434 proprium

168 2461 399 2531 inuenientium
425 2472 523 2550 poeta
545 2461 713 2528 deuenerit
730 2464 815 2528 bene
836 2473 1069 2550 cognoscatur,
1099 2464 1219 2552 partim

170 2603 214 2648 ex
238 2602 336 2648 uersu
361 2579 511 2646 carminis
534 2598 621 2646 oxum
642 2581 745 2668 primo
760 2579 934 2646 Firmum
951 2581 1033 2646 saltu
1053 2604 1114 2646 noa
1126 2579 1218 2666 salso

171 2700 309 2764 Mentula
344 2697 447 2780 diaes,
476 2698 532 2784 qui
563 2697 717 2765 adcurate
748 2697 936 2764 tractandus
966 2707 1022 2764 est
1076 2698 1132 2786 qui
1160 2697 1219 2785 igi·

170 2827 226 2884 tar
257 2837 367 2882 secum
394 2815 560 2903 reputauit
587 2813 786 2882 Mamurram
818 2814 975 2898 Formiis,
1005 2815 1086 2881 urbe
1120 2813 1218 2898 Latii,

171 2933 343 3000 oriundum
372 2933 423 2998 bia
449 2953 470 2996 a
492 2931 621 3000 Catullo
641 2926 854 2999 ‘decoctorem
874 2925 1093 2998 Formianum’
1113 2932 1219 3021 adpel-

169 3053 273 3118 latum
294 3059 327 3116 et
348 3048 389 3116 de
410 3049 524 3116 eodem
544 3043 696 3116 ‘maculas
716 3050 789 3117 illas
811 3041 1012 3116 Formianaa'
1032 3047 1087 3134 (cf.
1110 3069 1176 3116 nvn
1198 3051 1220 3114 4

169 3179 205 3235 et
225 3190 324 3256 supra
344 3190 374 3257 p.
398 3167 473 3249 189)
495 3168 596 3235 dictas
618 3191 698 3252 ease,
720 3169 747 3234 is
768 3169 875 3234 facere
892 3190 957 3234 non
971 3168 1091 3255 poterit
1104 3168 1219 3256 opinor

170 3285 251 3374 quin
271 3277 466 3351 ‘Firmanum
491 3279 678 3352 Mentulam'
703 3285 745 3350 ad
772 3279 991 3352 ‘Formianum
1010 3277 1223 3351 Mamurram’

170 3403 300 3468 referat
342 3424 408 3489 qua
430 3403 677 3489 argumentandi
698 3403 823 3469 ratione
845 3403 923 3469 moti
938 3403 999 3468 uiri
1014 3402 1102 3469 docti
1116 3403 1219 3485 multi,

169 3519 272 3586 ueluti
295 3517 441 3607 Scaliger
463 3520 664 3586 Passeratius
687 3520 826 3609 Vulpius
847 3521 1044 3609 Doeringius
1072 3519 1218 3588 Nobbius

170 3635 228 3722 (de
255 3639 368 3704 metris
397 3635 518 3704 Catulli
540 3660 558 3702 n
583 3638 637 3720 19)
665 3635 811 3725 Silligius
839 3637 998 3726 Heysiue,
1030 3637 1146 3727 quibus
1175 3638 1217 3723 (si

170 3753 299 3820 Murato
332 3751 374 3820 ad
406 3771 492 3822 cxrrn
524 3755 540 3818 l
572 3752 653 3820 fides
686 3753 759 3839 est)
794 3754 870 3822 Itali
906 3754 1031 3844 aliquot
1065 3755 1220 3822 librorum

169 3871 417 3960 interpolatores
446 3869 509 3936 iem
540 3869 763 3956 praeiuerunt,
794 3895 852 3960 pro
874 3871 1044 3939 Ferrarius
1065 3872 1220 3939 librorum

949 3973 988 4037 15
1002 3973 1020 4013 '¹
