2954 4492
405 351 432 404 V
465 351 515 404 DE
531 351 710 408 suemus
727 351 879 406 esuum
1131 357 1161 406 81

196 515 261 586 Sed
283 517 435 608 quamuis
457 515 573 586 Clodia
593 527 717 608 peeeet,
739 517 860 586 Catulli
881 542 972 586 emor
992 519 1161 588 uehemen-

120 635 179 702 tior
198 645 247 702 est
260 657 362 725 quam
376 643 415 702 ut
428 634 587 725 pertidum
601 637 748 702 eeleriter
763 635 914 706 deserere
927 638 1040 727 possit.
1061 637 1160 704 immo

121 752 280 820 mulierem
307 751 463 821 inmerito
488 763 630 820 emaum
658 751 693 819 in
715 755 858 822 eermine
882 773 946 822 eun
974 753 1083 822 Oredn
1113 779 1162 820 me

117 873 240 956 munire
258 893 348 936 meae
367 871 547 938 molediene
577 875 657 937 seiae
683 881 798 939 eontra
827 870 988 962 quendam
1010 871 1162 952 defendit,

119 986 171 1075 qui
182 985 282 1054 uerbo
294 986 408 1076 aliquo
423 985 576 1054 Lesbiam
597 988 813 1077 uituperente,
839 989 926 1078 quod
941 989 1033 1056 dolor
1046 999 1162 1078 poetae

119 1113 319 1188 exemeret,
351 1102 473 1171 ebusus
492 1103 633 1173 Lesbiae
655 1103 820 1174 Catullum
840 1105 1033 1174 maledicere
1054 1129 1163 1174 umm-

118 1219 180 1287 bat.
228 1232 262 1288 st
291 1221 357 1288 bae
384 1219 573 1289 defensioue
598 1221 824 1310 indignissima
851 1224 916 1290 fuit
945 1225 1061 1290 mulier
1091 1246 1161 1312 per·

119 1338 194 1404 iura.
215 1361 300 1427 quae
320 1363 397 1408 oum
411 1349 540 1427 postam
554 1341 705 1408 fraudare
720 1350 874 1430 pergeret
888 1341 1161 1430 inpudentissime,

119 1454 261 1524 Catullus
281 1456 418 1526 tendem
440 1457 612 1544 aliquando
634 1457 886 1527 beniuolentiam
908 1456 1049 1548 quidem,
1079 1483 1163 1548 quae

117 1571 147 1638 io
168 1575 355 1641 reuerentia
375 1585 409 1640 et
422 1574 646 1642 aestimatione
658 1575 796 1664 quadam
817 1575 940 1660 nititur,
962 1577 996 1641 in
1010 1575 1162 1644 Lesbiam

117 1691 258 1759 eoulerre
281 1690 399 1775 desiit,
432 1691 490 1758 sed
517 1693 695 1759 meretricis
724 1693 894 1760 inlecebris
919 1693 1036 1759 mirum
1063 1717 1162 1781 quan-

116 1815 180 1874 tum
211 1818 327 1899 eaptus
360 1819 393 1876 et
425 1811 466 1878 ad
494 1810 678 1899 uoluptates
705 1811 815 1899 paullo
843 1810 1052 1900 propensior,
1090 1833 1161 1878 eum

116 1945 207 1993 eaeee
247 1925 412 2016 eupiditas
446 1925 480 1994 in
518 1926 624 1994 auimo
659 1925 754 1994 nimis
796 1926 1032 2012 dominaretur,
1074 1951 1096 1994 a
1127 1951 1163 1995 se

115 2063 176 2109 non
206 2042 285 2110 dum
320 2043 486 2132 inpetrare
515 2043 622 2131 potuit
656 2053 693 2110 ut
724 2041 765 2108 de
794 2065 904 2110 amore
937 2044 1013 2128 illo,
1056 2045 1111 2134 qui
1142 2069 1162 2112 a

115 2181 246 2250 corpore
267 2157 481 2251 proficiscens
502 2159 544 2226 ad
566 2183 683 2250 eorpus
704 2159 850 2245 redibat,
881 2161 1009 2227 fortiter
1029 2161 1161 2228 desiste·

113 2287 169 2344 ret.
209 2279 301 2367 quod
320 2279 370 2345 ita
391 2289 428 2347 ut
442 2277 536 2346 doeni
558 2300 594 2345 re
614 2300 694 2345 uera
714 2299 749 2344 se
763 2279 882 2346 babere
904 2299 945 2344 ex
967 2277 1160 2346 carminibus

113 2391 242 2484 sdparet
255 2396 396 2464 duobus.
438 2417 514 2462 nam
532 2393 567 2461 in
581 2394 722 2462 earmins
740 2413 831 2461 uxxu
851 2393 990 2460 Dicebas
1004 2395 1159 2480 praedm

112 2511 203 2576 solano
222 2524 252 2578 te
271 2535 362 2580 nosse
384 2511 535 2578 Oomlbem
555 2519 655 2599 poete
676 2532 787 2577 eorum
807 2532 929 2578 memor
943 2532 1028 2598 quse
1040 2510 1160 2578 Lesbia

110 2628 241 2696 mentite
261 2637 337 2697 erat
358 2651 458 2695 unum
477 2627 641 2696 Catullum
663 2649 828 2694 reamare
847 2649 908 2694 nee
929 2649 1007 2716 pree
1028 2651 1067 2696 eo
1088 2627 1161 2695 Ioui

109 2745 228 2814 nubere
248 2747 349 2829 uelle,
369 2767 495 2813 memor
508 2744 627 2813 umoris
640 2743 836 2812 ineredibilis
850 2765 946 2834 quem
963 2745 997 2811 in
1013 2742 1159 2813 Clodium

109 2862 307 2950 proluderet,

205 3055 295 3111 mese,
319 3029 434 3118 inquit,
455 3041 482 3096 te
500 3029 634 3118 eopesoos‘
650 3055 662 3096 .-
682 3051 776 3118 quore
797 3027 857 3095 etei
875 3029 1034 3114 espossiae
1054 3051 1137 3108 uror,

256 3147 349 3214 mdto
371 3151 414 3212 mi
432 3158 532 3212 tumeo
554 3170 586 3210 es
606 3146 699 3211 odies·
719 3157 746 3211 et
766 3145 875 3212 leoebr.

204 3257 274 3352 ‘qus'
288 3263 375 3350 potio
395 3274 440 3328 est
452 3255 478 3328 θ’
496 3261 615 3352 sisqeub.
636 3259 721 3349 qood
739 3274 886 3328 omomem
907 3261 1029 3328 uteru
1049 3261 1121 3328 tolia

254 3385 335 3466 oepit
354 3403 464 3446 aeson
483 3384 591 3472 mups‘s,
613 3379 669 3444 sed
689 3379 763 3446 bene
782 3379 858 3444 uelle
878 3379 992 3445 moises.

110 3563 192 3653 quod
213 3585 348 3632 eermen
370 3565 424 3631 uel
449 3574 581 3653 propter
602 3566 735 3632 uooulas
755 3565 912 3652 mendoso
932 3573 964 3630 et
984 3576 1048 3630 rom
1071 3565 1116 3650 (u
1139 3567 1156 3630 1

110 3689 141 3746 et
153 3681 199 3765 3),
221 3683 345 3772 quibus
367 3679 449 3748 illud
470 3679 667 3764 Olodieede
689 3679 818 3749 Catullo
839 3679 914 3748 Ioui
932 3681 1158 3770 anteponendo

110 3797 225 3866 dietum
248 3799 307 3887 (ei
322 3815 396 3865 Lxx
411 3797 441 3864 1.
455 3796 491 3884 2)
512 3797 552 3864 ed
574 3797 664 3886 prins
688 3797 850 3888 quoddam
864 3806 994 3888 tempus
1014 3819 1158 3865 remoue

109 3919 166 4000 tm,
187 3915 358 4005 eliquanto
379 3921 457 4004 post
477 3935 609 3982 earmen
622 3933 692 3981 nxx
707 3915 861 4004 seriptum
881 3915 923 3982 sit
937 3935 1076 4081 pessum
1097 3923 1155 3980 est.
