2920 4492
437 345 472 403 v1
496 351 544 404 nu
563 348 740 406 nunninus
757 349 911 406 curvum
1160 357 1191 406 ui

145 541 213 607 quo
238 530 390 606 tempore
420 517 528 584 facere
561 520 704 608 coeperit
736 519 886 587 Ostullus
918 521 1089 586 nescimus.
1142 521 1203 587 hoc

144 658 246 702 unum
269 661 312 702 ex
334 637 416 703 locis
438 660 502 704 non
523 639 618 703 nullis
641 638 834 704 concludere
850 639 925 703 licet
942 635 1105 720 Clodiam,
1128 658 1201 703 cnm

146 754 218 822 eius
239 775 350 820 amore
373 753 521 822 Catullus
542 754 803 836 inflammaretur,
827 756 889 825 iam
913 755 953 836 Q.
977 753 1099 825 Metelli
1122 777 1200 820 uxo-

146 894 216 937 rem
249 871 359 940 fuisse
411 895 485 943 nom
517 874 549 940 in
586 873 728 940 carmine
763 879 897 950 uxvmb,
941 895 1005 962 qno
1038 872 1129 938 initia
1167 884 1199 938 et

149 989 295 1076 origines
322 989 439 1056 amoris
471 990 519 1056 aui
548 989 717 1074 describit,
752 1002 848 1078 poeta
869 991 943 1057 inde
971 1009 1105 1058 auerso
1131 989 1199 1072 135,

148 1105 229 1171 dum
253 1106 399 1195 queritur
420 1106 572 1177 Lesbiam
604 1108 666 1176 sibi
685 1109 781 1176 fidem
804 1108 954 1194 religiose
973 1129 1039 1172 uon
1061 1127 1199 1187 seruare,

149 1225 221 1289 eius
247 1223 415 1310 perfidiam
447 1245 484 1290 eo
519 1225 658 1314 quodam
687 1225 784 1296 modo
815 1248 863 1294 se
878 1227 952 1314 ipse,
977 1225 1200 1294 consolaturus

149 1351 290 1407 excusat
318 1341 406 1428 quod
429 1341 521 1406 iustis
542 1341 662 1430 nuptiis
684 1364 754 1408 cum
787 1342 905 1408 Lesbia
925 1344 1052 1408 iunctus
1073 1363 1137 1408 nou
1159 1341 1201 1406 sit

148 1482 254 1548 eaque
276 1458 317 1524 de
339 1481 453 1524 cauam
473 1455 611 1525 ‘furtiuis
633 1482 726 1526 rarae
747 1461 849 1526 noctis
871 1454 1066 1554 munusculis
1081 1483 1123 1524 ex
1138 1455 1199 1524 uiri

148 1577 249 1664 ipsius
264 1576 388 1664 gremio
404 1572 551 1664 demptis’
573 1589 743 1644 contentus
758 1600 828 1643 esee
845 1575 989 1644 debeat,¹
1013 1579 1040 1642 is
1054 1567 1124 1642 ‘uir'
1138 1586 1197 1658 eet,

150 1705 185 1760 ut
207 1695 363 1782 adparet,
392 1694 528 1762 Clodiae
556 1697 689 1761 maritus
711 1694 753 1775 Q.
781 1683 930 1760 Metellus
951 1695 1065 1777 Celer,
1101 1716 1196 1780 quem

148 1811 234 1878 inter
263 1834 365 1876 anuos
390 1811 508 1888 678276
531 1821 563 1876 et
584 1813 701 1889 691m3
724 1811 869 1878 Clodiam
897 1811 931 1876 in
960 1807 1197 1878 matrimonium

148 1929 282 1994 duxisse
313 1953 411 2018 supro
443 1929 665 1995 iudicauimus.
719 1941 887 2018 praeterea
919 1929 1056 1994 Lesbiae
1092 1927 1195 1994 uirum

148 2045 296 2113 Catullus
310 2048 342 2111 in
359 2047 499 2112 carmine
513 2028 637 2111 Lxxxiu
654 2047 769 2112 Lesbio
789 2052 833 2112 ιιιιΙ
850 2059 1011 2133 praeacuta
1030 2051 1095 2112 niro
1109 2045 1198 2112 mulo

146 2165 290 2253 plurimo
311 2163 388 2228 dicit
409 2173 646 2230 commemorat.

229 2281 282 2346 De
313 2280 413 2346 initiis
444 2279 560 2345 amoris
582 2281 658 2368 ipsis
680 2303 721 2345 cx
744 2280 885 2346 carmine
907 2299 1021 2364 vanr,
1054 2278 1141 2368 quod
1163 2281 1196 2344 in

148 2395 213 2462 duo
235 2397 379 2462 carmina
401 2395 552 2479 (alterum
576 2395 616 2461 ad
639 2395 815 2472 Manlium,
837 2398 973 2461 alterum
994 2421 1014 2462 a
1035 2418 1132 2462 uersu
1153 2397 1192 2460 41

147 2513 318 2600 incipieus,
341 2535 407 2600 quo
429 2513 489 2578 hec
510 2511 541 2580 in
558 2513 747 2602 quaestione
769 2513 831 2578 iam
854 2523 991 2598 utemur,
1014 2513 1054 2579 ad
1075 2503 1195 2580 Allium

147 2630 310 2717 quendam
333 2629 501 2716 scriptuml
525 2629 773 2716 disiungendum
795 2651 866 2695 esse
886 2653 945 2695 nos
975 2653 1047 2696 oum
1078 2629 1195 2695 Froeh·

147 2745 246 2812 liobio
269 2747 455 2830 (comment.
479 2745 588 2833 philol.
612 2745 701 2812 acad.
722 2745 852 2813 Monac.
875 2769 947 2811 vm
970 2747 1032 2812 262
1053 2770 1082 2811 a.
1101 2747 1195 2830 1849)

146 2861 349 2929 Rosabacbio
368 2861 532 2948 Heysio*)
552 2861 771 2951 Hertabergio
783 2863 830 2948 (u.
844 2883 942 2928 cerm.
954 2861 1072 2928 Catulli
1085 2863 1139 2928 ael.
1156 2863 1196 2930 ab

145 2981 209 3046 boo
232 2989 267 3046 et
287 2977 447 3046 Teuffelio
480 2998 628 3046 couneus.
662 2979 786 3068 stuttg.
810 2981 894 3046 18ὃύ
912 3003 943 3066 ρ.
968 2981 1022 3064 16)
1051 2979 1195 3066 Bergkio

146 3099 244 3182 (mus.
260 3097 411 3162 Rhenau.
429 3117 504 3162 non.
517 3119 563 3164 xv
577 3097 653 3180 513)
669 3097 871 3177 arbitramur,
894 3096 974 3162 hoco
990 3095 1108 3182 conligi
1124 3116 1195 3184 pos·

211 3465 240 3533 Ἰ)
268 3465 391 3531 Heyoius
420 3479 451 3513 eo
483 3470 569 3514 tameo
601 3463 700 3514 fallitur
727 3465 797 3530 quoe
827 3463 935 3516 altarum
961 3473 1067 3542 carmen
1095 3461 1128 3515 ad
1153 3463 1197 3514 ss.

142 3559 261 3612 Acilium
286 3555 463 3610 Glabrionem
487 3557 614 3623 scriptum
636 3571 693 3608 esse
710 3563 790 3622 putat.
825 3571 875 3608 nco
894 3555 1079 3608 Frochliohiua
1096 3555 1196 3609 laudari

141 3663 225 3720 potest
245 3653 319 3721 quod
339 3651 455 3702 alterum
474 3665 577 3700 carmen
597 3650 630 3700 ad
647 3649 764 3700 Manium
782 3649 881 3699 Allium
891 3649 998 3700 inscribi
1011 3647 1093 3700 iubet.
1112 3649 1196 3700 Manii

138 3749 204 3800 cuim
223 3759 396 3816 praenomen
415 3742 583 3792 coniecturae
602 3742 763 3792 Lachmanni
781 3741 902 3797 debetur,
927 3757 1010 3806 quae,
1034 3743 1057 3792 si
1079 3744 1195 3792 earmina

134 3841 374 3913 repararemus,
407 3836 479 3885 omni
506 3835 690 3902 probabilitate
714 3843 794 3886 earet.
830 3849 879 3884 nos
902 3835 983 3902 igitur
1009 3851 1041 3886 ex
1068 3835 1196 3917 librorum

128 3941 243 3994 mrsu
261 3937 292 3986 in
314 3941 404 3983 uana
422 3929 456 3980 66
469 3943 532 3979 oum
547 3926 709 3980 nuntronio
727 3941 822 3979 nomen
840 3927 926 3982 nnuc
940 3927 1111 3980 ‘resutuimua
