2954 4492
261 341 311 393 168
537 339 575 390 vt
609 339 657 392 DE
673 337 853 392 suumve
871 335 1024 390 camel

356 510 383 570 ri
400 506 474 571 tibi
491 529 553 572 aare
574 508 659 572 cordi
677 505 803 587 riserant
822 506 953 572 uonna
973 517 1087 588 metro,

356 645 448 688 reeca
468 623 553 710 qaod
573 623 717 688 donabam
733 623 839 708 prend
853 633 1020 708 maecepta
1038 625 1188 708 parentis,

354 752 386 805 at
405 753 506 805 menen
527 742 561 806 e'a
582 753 743 806 uestras
759 741 887 826 pomuli
905 740 1014 804 decere
1034 737 1130 820 seda,

354 879 432 944 quae
453 856 670 922 subiectando
689 856 872 942 famularer
889 877 976 920 serare
997 853 1099 921 lohere

354 975 484 1040 carsdido
501 973 693 1059 permulcens
713 972 846 1059 ls'qua'de's
866 971 997 1058 metiqa'a
1018 971 1147 1056 lymphis

350 1111 549 1176 purpuranae
570 1099 672 1154 teum
693 1101 886 1154 consternens
907 1101 984 1153 ueste
1003 1087 1105 1152 cabrlc.

253 1297 329 1340 nam
349 1285 469 1339 nemos
490 1275 576 1339 sedes
601 1273 663 1338 hoc
690 1271 762 1338 loeo
790 1281 865 1340 sunt
884 1271 1003 1338 ¹l'hesei
1025 1272 1157 1358 eiusque
1179 1291 1299 1356 cogna-

253 1399 359 1456 torum
382 1401 415 1456 et
435 1390 639 1478 popularium
653 1387 823 1456 domicilia.
867 1397 1010 1454 ceterum
1031 1386 1168 1454 lectione
1189 1396 1297 1452 eootm

253 1509 391 1596 probate
412 1529 541 1573 carmen
562 1507 664 1573 multo
692 1504 857 1572 subtiliore
889 1504 1036 1571 acumine
1067 1504 1169 1570 utitur
1199 1525 1297 1590 qnam

253 1625 279 1691 si
306 1647 485 1713 pronomen
510 1645 667 1713 personae
695 1624 817 1712 primae
844 1623 1099 1710 adsumpaimus,
1132 1631 1165 1686 et
1193 1619 1294 1686 multo

254 1743 369 1810 melius
396 1765 468 1808 eum
497 1741 613 1807 ceteris
644 1739 922 1829 hendecasyllabis
950 1740 991 1806 ad
1012 1737 1146 1806 Furium
1168 1738 1294 1828 scriptis

252 1859 411 1926 consentit
432 1883 471 1926 ae
493 1823 655 1947 conspiiat
675 1881 781 1947 neque
796 1858 969 1924 artificiosa
983 1856 1200 1944 explicatione
1215 1878 1296 1944 opus

251 1986 308 2042 est
351 1977 490 2065 denique
511 1977 606 2042 enixe
627 1976 802 2058 contendo,
835 1975 860 2040 si
890 1973 1018 2041 codices
1048 1995 1208 2040 consensu
1230 1996 1294 2040 uno

250 2092 420 2160 lectionem
441 2105 542 2158 nostre
562 2093 738 2158 memoriae
759 2091 975 2175 tradidissent,
997 2094 1116 2158 nemini
1138 2114 1293 2182 umquem

250 2209 284 2276 in
311 2221 453 2278 mentem
481 2209 607 2275 uenisse
635 2210 690 2275 illa
710 2208 879 2297 repudiate
899 2223 1004 2276 roura
1024 2209 1181 2276 conicere.
1223 2233 1294 2298 pro

250 2329 327 2395 bata
346 2328 447 2416 igitur
468 2337 501 2394 et
520 2325 669 2393 restituta
688 2327 828 2394 lectione
852 2340 955 2394 eostre
975 2351 1106 2395 carmen
1126 2349 1205 2396 xxv!
1227 2350 1295 2394 oar-

249 2445 389 2512 minibus
420 2445 483 2511 illis
510 2444 757 2511 adnumeremus
790 2445 906 2534 quibus
934 2445 1074 2512 famelici
1095 2447 1187 2512 istius
1208 2467 1294 2513 men-

250 2563 412 2630 dieitatem
434 2573 530 2651 poeta
550 2563 748 2650 perstrinxit.

333 2730 489 2820 Superest
508 2741 545 2797 ut
568 2752 673 2819 pauca
692 2731 794 2800 uerba
816 2732 856 2797 de
878 2733 1019 2798 carmine
1044 2750 1095 2798 cnr
1121 2733 1186 2798 Aut
1209 2733 1295 2798 codes

250 2853 320 2916 mdti
331 2849 428 2915 redde
449 2849 552 2916 decern
572 2850 714 2916 serrano
733 2851 793 2916 &lc
814 2849 965 2916 hocloco
989 2849 1154 2933 addamus,
1175 2849 1295 2937 quippe

250 2966 339 3056 quod
370 2988 438 3032 rem
465 2965 606 3053 quodam
633 2965 729 3032 modo
758 2988 929 3033 ueneream
964 2977 1092 3034 tractet.
1146 2965 1294 3034 Catullus

250 3085 336 3150 enim
357 3107 377 3150 a
398 3081 508 3152 Silone
528 3083 660 3168 lenone,
694 3084 748 3172 qui
775 3105 835 3172 pro
864 3085 1068 3152 meretricula
1087 3107 1145 3172 per
1166 3093 1295 3150 noctem

249 3199 436 3268 redimenda
458 3200 637 3268 mercedem
660 3211 838 3290 acceperat,
861 3202 916 3267 sed
932 3201 1087 3288 promissa
1108 3224 1173 3268 non
1187 3223 1294 3290 praes-

250 3328 322 3384 tans
343 3318 537 3405 inpudenter
559 3319 592 3383 in
609 3327 737 3407 poetam
759 3329 791 3385 et
813 3318 964 3385 ferociter
986 3319 1153 3406 sogessit,
1185 3328 1294 3408 postu·

247 3436 294 3501 lat
315 3445 351 3501 ut
372 3434 542 3523 pecuniam
564 3435 624 3502 sibi
651 3434 765 3502 reddat
786 3459 794 3501 :
817 3458 882 3525 quo
904 3436 990 3502 facto
1013 3435 1059 3502 illi
1080 3437 1177 3503 licere
1196 3459 1293 3525 qnam

249 3551 548 3639 inpudentissimum
560 3563 593 3618 et
605 3553 910 3619 inmodestissimum
924 3575 1002 3620 esse.
1024 3555 1075 3619 sin
1090 3575 1167 3620 uero
1181 3576 1294 3643 quaes-

249 3679 318 3736 tum
342 3691 436 3734 suum
458 3691 609 3737 exercere
635 3682 722 3736 etse
742 3671 889 3736 lenonem
916 3692 986 3737 esse
1013 3670 1112 3753 uelit,
1141 3671 1294 3738 modestis

251 3796 283 3852 et
308 3785 437 3853 blandis
464 3786 608 3853 moribus
635 3809 709 3854 eum
738 3809 809 3853 esse
838 3787 961 3854 decere.
1010 3787 1151 3875 pretium
1183 3789 1293 3855 decem

249 3903 371 3970 milium
404 3903 601 3989 sestertium,
637 3905 725 3995 quod
752 3903 900 3972 Catullus
929 3905 1039 3974 lenoni
1067 3905 1173 3991 dedit,
1209 3907 1293 3974 idem
