3002 4490
290 293 340 342 812
663 290 727 342 XIII
743 309 747 316 ·
761 289 809 340 Dr:
826 288 966 344 oerore

288 458 350 526 sibi
372 467 551 537 sumerent,
582 477 647 544 qut
674 456 716 524 de
738 477 852 522 caussa
872 478 893 522 a
917 453 1075 524 Cicerone
1103 457 1232 524 nomine
1251 453 1341 524 ‘oan-

290 585 396 641 torum
417 567 646 661 Euphorionia’
671 573 762 638 inrisi
788 582 864 638 eunt
882 581 915 638 et
933 567 1122 640 ‘doctorum'
1143 573 1273 642 nomine
1294 577 1338 642 ab

290 691 359 758 aliis
381 689 643 778 significabantur
664 689 721 774 (cs.
743 689 825 776 disp.
846 689 944 756 Tuae.
966 711 995 754 ιιι
1019 689 1235 758 testatos
1257 690 1339 758 diui-

290 818 354 875 net.
377 806 542 873 1164132
583 804 760 872 Merkelius
786 806 827 872 ad
855 805 929 872 Ibin
955 827 987 894 p.
1009 805 1109 890 363),
1140 829 1251 874 carere
1280 808 1344 876 uix
1471 851 1482 876 ι

289 935 464 1013 potuerunt
484 925 640 1012 magistro
661 945 700 991 eo
722 923 779 1012 qui
800 923 833 989 in
855 923 1081 1012 intellegendis
1098 923 1339 1012 exemplaribus

290 1042 353 1110 illis
382 1041 519 1110 Graecis
550 1041 729 1108 fabularum
762 1040 1055 1128 mythologicarum
1085 1041 1272 1128 ignotarum
1304 1053 1339 1109 et

289 1157 526 1227 reconditarum
547 1158 705 1245 adparatu
732 1158 832 1225 nimio
860 1167 957 1244 atque
985 1156 1140 1226 orationis
1167 1158 1340 1225 insolentia

290 1274 385 1342 uulda
407 1273 585 1343 obscuratis
606 1296 641 1340 ee
660 1273 830 1341 adiuuaret
850 1282 883 1340 et
905 1274 937 1338 in
958 1273 1084 1361 legibus
1099 1295 1250 1340 uersuum
1264 1275 1338 1342 sub

289 1391 447 1457 tilioribua
458 1390 688 1479 cognoscendis
698 1400 730 1457 et
742 1390 951 1458 obseruandis
961 1399 1146 1478 promptum
1156 1391 1217 1457 sibi
1227 1413 1337 1480 prees-

290 1517 373 1573 taret
387 1506 552 1572 auxilium.
590 1505 700 1594 itaque
716 1516 803 1573 etex
818 1505 1041 1572 communione
1056 1507 1288 1596 exemplarium
1304 1517 1337 1576 et

289 1647 330 1692 ex
353 1624 577 1690 communione
599 1623 744 1712 magistri
766 1632 861 1690 etex
876 1621 1113 1690 necessitudine
1130 1626 1337 1715 amicitiaque

289 1764 355 1828 qua
376 1753 491 1829 poetae
512 1740 557 1807 illi
577 1741 861 1828 coniungebantur
875 1740 971 1807 etium
987 1741 1160 1808 similitudo
1178 1743 1337 1831 originem
1367 1795 1375 1814 .
1481 1783 1482 1790 ι

289 1858 382 1924 duxit
410 1859 587 1924 carminum
617 1881 699 1947 quae
728 1857 832 1924 eidem
860 1869 1106 1942 conposuerunt.
1148 1859 1250 1927 ueluti
1271 1881 1338 1928 cer-

289 1977 380 2042 tatim
410 1975 456 2041 illi
487 1998 569 2064 quos
601 1975 834 2042 nominauimus
860 1975 901 2040 de
928 1997 1017 2041 more
1042 1975 1337 2044 Alexandrinorum

290 2091 406 2180 epyllia
444 2091 608 2170 fecerunt,
644 2092 726 2159 Cato
761 2092 959 2180 Dictynnam
996 2091 1143 2160 Catullus
1185 2094 1338 2182 epithala-

288 2213 388 2276 mium
411 2210 498 2299 quod
524 2219 643 2276 uocant
668 2210 758 2276 Pelei
779 2219 811 2276 et
832 2209 978 2276 Thetidis
1007 2209 1128 2276 Caluum
1160 2211 1198 2278 lo
1230 2209 1339 2278 Cinna

290 2327 464 2415 Zmyrnam
483 2326 675 2394 Cornificius
690 2325 852 2394 Glaucum
873 2349 881 2390 ε
902 2326 948 2393 ita
969 2324 1117 2392 Catullus
1140 2326 1262 2394 Caluus
1282 2327 1338 2394 Ti-

291 2445 364 2512 cida
385 2445 592 2532 epithalamia
612 2455 646 2510 et
667 2444 878 2532 hymenaeos,
910 2445 955 2510 its
976 2443 1030 2509 elii
1050 2444 1113 2512 alia
1135 2444 1220 2511 inter
1240 2465 1276 2510 se
1296 2446 1338 2511 si·

289 2563 376 2629 milio
386 2561 541 2628 fecerunt.
563 2584 646 2650 quae
662 2563 770 2627 omnis
783 2561 810 2626 ei
823 2561 1125 2648 conprehendantur
1142 2573 1175 2628 et
1185 2563 1340 2630 adcurate

289 2677 548 2761 considerantur,
570 2687 693 2744 tantum
715 2679 808 2746 abest
828 2678 1058 2766 ut'quioqoam
1086 2679 1215 2746 obstare
1240 2701 1340 2768 nege-

290 2817 360 2862 mue
383 2817 447 2883 quo
469 2795 575 2861 minus
596 2817 725 2861 carmen
747 2815 800 2862 ιιι
823 2795 864 2860 ad
879 2793 1042 2861 Valerium
1058 2793 1216 2864 Catonem
1232 2818 1340 2885 gram·

292 2912 444 2978 matioum
462 2911 596 2976 missum
611 2911 852 2995 contendemus,
874 2921 911 2979 ut
929 2912 1033 2999 ipsam
1049 2912 1132 2980 hanc
1146 2914 1340 2982 sententiam

292 3051 389 3118 quem
416 3027 557 3096 maxime
589 3050 661 3094 esse
690 3028 891 3117 probabilem
919 3029 1156 3102 adeeumemus.
1197 3030 1340 3120 denique

291 3147 332 3214 ed
358 3147 437 3213 haee
468 3147 575 3212 omnia
598 3145 724 3213 aceedit
743 3154 781 3212 u't
802 3144 885 3214 Oato
907 3145 1026 3214 Catulli
1041 3145 1143 3214 litent
1164 3147 1340 3235 populeris

293 3263 468 3332 Suetonius
504 3265 589 3330 enim
625 3262 764 3331 Galliam
800 3261 935 3331 Catonis
970 3264 1107 3351 patriam
1148 3265 1341 3334 nominauit.

293 3380 433 3448 Galliam
459 3393 574 3458 autem,
602 3392 639 3447 ut
658 3380 778 3448 Naelsii
806 3382 914 3448 uerbis
935 3403 968 3469 p.
989 3381 1052 3448 255
1074 3391 1160 3460 utar,
1182 3382 1343 3450 &emotus

292 3499 372 3564 deicit
399 3498 596 3564 hauddubie
618 3499 755 3566 Gollu’om
778 3499 965 3586 Oisolpinam
987 3505 1051 3566 sea
1071 3501 1239 3566 οιῖονίονιιιι
1260 3507 1341 3567 cnti-

292 3637 356 3700 quo
377 3613 523 3701 loquendi
542 3615 762 3680 cousuetudine.
