2920 4492
269 333 302 388 00
551 327 566 381 i
599 330 647 384 nu
663 327 856 386 sommus
873 331 1030 386 usurum.

268 499 301 565 id
321 492 459 566 sumere.
487 493 578 564 ‘nam
607 497 703 565 etism
732 499 759 565 si
786 509 898 588 postas
919 523 979 589 pro
1000 499 1175 578 Sirmium,
1208 499 1237 566 si
1264 498 1318 566 ibi'

267 615 415 684 Catullus
435 626 530 681 nctus
544 617 668 700 fuisset,
690 617 853 685 Veronam
869 619 1035 685 nominare
1053 619 1196 707 potuisse
1215 616 1312 684 facile

266 733 531 817 concederemus,
562 743 672 800 temen
699 735 784 800 idem
814 735 921 800 iacere
948 735 1149 823 Hieronymo
1177 733 1248 817 uel,
1274 742 1312 799 ut

267 855 377 920 uerius
397 852 522 940 loquer,
545 849 718 936 Suetonio,
739 853 795 940 qui
817 862 986 940 poetarum
1007 849 1195 918 adcnmtm
1215 849 1312 916 histo·

266 971 345 1036 riam
374 971 520 1058 scripsit,
552 991 616 1036 non
639 969 789 1036 licuisset.
833 971 899 1059 qui,
929 970 956 1035 ai
978 969 1127 1038 Catullus
1148 967 1311 1036 Sirmione

265 1089 299 1154 in
320 1085 425 1153 lucem
446 1088 550 1153 editus
577 1097 682 1171 esset,
713 1086 781 1153 sinc
809 1085 907 1153 dubio
936 1085 1050 1154 eedem
1078 1084 1111 1151 id
1141 1085 1312 1174 diligentis

265 1204 471 1288 adnotasset,
504 1227 568 1294 qua
596 1203 733 1290 Vergilii
766 1227 887 1293 pagum
914 1203 1054 1293 patrium
1082 1225 1149 1270 non
1169 1204 1309 1272 reticuit.

266 1321 323 1387 ssd
360 1321 580 1410 Hieronymus
618 1343 660 1387 cx
692 1319 849 1388 Suetonio
892 1321 1060 1410 desumpta
1102 1321 1184 1388 baec
1214 1320 1310 1387 docet

267 1437 406 1505 Curetim
426 1487 435 1503 .
458 1487 466 1504 .
488 1487 497 1505 .
527 1437 663 1504 Veronae
687 1439 826 1504 nuceum
846 1460 854 1502 ε
874 1438 990 1525 quibus
1012 1439 1119 1506 uerbis
1151 1439 1309 1506 sententia

266 1579 361 1645 quam
376 1577 437 1628 noa
451 1553 652 1622 deiendimue
668 1563 762 1621 extra
777 1577 905 1622 omnem
920 1553 1153 1622 dubitationem
1166 1555 1307 1644 ponitur,

263 1674 454 1762 praesertim
477 1669 723 1739 cum'Veronae
746 1671 910 1740 Catullum
932 1671 1060 1760 saepius
1082 1671 1245 1741 habitasse
1264 1695 1309 1740 ax

264 1791 458 1857 carminibus
479 1811 571 1856 xxxv
591 1791 612 1856 3
633 1799 666 1856 et
687 1791 853 1858 uxv1u¹27
876 1789 1081 1859 manifestum
1102 1791 1151 1857 sit

346 1909 416 1974 Iam
450 1908 552 1994 igitur
579 1907 745 1974 docuimus
774 1909 869 1998 quele
902 1931 1015 1974 uerum
1043 1918 1158 1997 poetae
1189 1929 1308 1975 nomen

264 2047 412 2115 quaeque
443 2026 511 2090 eius
538 2024 644 2112 patris
672 2025 780 2091 fuerit.
821 2025 883 2092 fuit
910 2027 996 2092 euim
1024 2025 1127 2093 Gaius
1154 2025 1309 2115 Valerius

265 2139 411 2208 Catullus
432 2139 639 2208 Veronensis.
