3002 4490
398 321 450 374 ΧΠ
484 320 532 372 Dte
550 318 658 372 otum
675 315 875 370 nonensem
892 315 1046 370 'PANVSIO

413 486 551 552 Veroerte‘
567 485 703 550 omnilm
723 507 764 549 ee
784 487 856 548 mdo
876 487 980 548 oenoe

405 603 556 669 somnone
576 601 661 668 molti
678 601 834 667 milibus
855 599 1044 665 trecentis
1120 684 1127 699 .

205 765 240 823 et
260 773 407 821 xxxxvrn
429 753 450 818 3

406 905 541 970 Mellitos
562 906 663 968 oeulos
683 915 758 978 tuoe,
779 901 913 985 Iurene,

408 1025 519 1110 siquis
540 1043 586 1085 me
607 1020 690 1086 sinat
709 1042 802 1106 usqne
823 1019 945 1084 desiere

409 1159 509 1223 neque
530 1136 576 1201 nd
595 1136 710 1200 milia
731 1137 847 1200 dorr'em
868 1146 1038 1200 trecento

408 1277 506 1340 oeque
524 1276 670 1340 umquam
689 1249 799 1317 uideor
819 1263 901 1316 soter
919 1249 1059 1336 fumosos.

210 1421 390 1508 quingenta
420 1419 510 1486 milis
531 1439 693 1484 morsuum
724 1417 886 1506 Zmyrnae
917 1419 1080 1505 aptissime
1112 1439 1183 1484 eom
1215 1420 1256 1485 ob

209 1558 355 1602 eensmm
396 1545 605 1624 opponuntur
643 1535 728 1620 qnod
766 1533 910 1622 Zmyrna
940 1533 1128 1622 opuseulum
1164 1536 1257 1622 perui

210 1652 350 1718 ambitos
381 1665 413 1720 et
435 1675 499 1718 uno
521 1653 603 1717 libro
624 1652 805 1718 absolutum
826 1650 893 1716 fuit
938 1649 1071 1718 Seruius
1093 1650 1178 1716 enim
1200 1649 1256 1736 (ed

211 1771 313 1858 Verg.
345 1770 405 1836 eol.
433 1770 454 1834 9
480 1769 536 1853 35)
569 1777 669 1834 totem
701 1767 873 1854 Zmyrnam
905 1767 1049 1834 libellum
1081 1767 1257 1833 nominauit

211 1886 392 1973 eodemque
408 1885 564 1968 Catullus,
587 1907 659 1950 eum
675 1887 707 1951 in
723 1907 820 1950 uersu
839 1907 927 1950 nono
945 1907 1051 1970 paruo
1069 1897 1259 1951 monumento

210 2003 310 2086 dixit,
338 2001 407 2066 sine
437 2000 535 2068 dnbio
562 2002 730 2088 speotenit.
773 1999 890 2068 deinde
911 2001 1002 2068 iuxta
1022 2023 1082 2067 ono
1103 2001 1257 2089 temporis

212 2118 375 2208 quoddam
406 2119 543 2184 uerbum
570 2117 798 2184 desideramus.
842 2139 981 2206 nemque
1009 2118 1157 2186 Catullus
1185 2141 1257 2184 oum

210 2237 245 2302 in
273 2235 375 2323 primo
405 2234 542 2320 disticho
571 2243 697 2322 tempus
725 2235 810 2300 intre
839 2235 927 2322 quod
957 2233 1062 2303 Cinne
1083 2235 1257 2323 Zmyrnam

212 2333 436 2441 conposuisset
459 2362 492 2418 et
515 2351 712 2418 elimeuisset
734 2352 919 2418 diutumnm
934 2351 1107 2440 diligenter
1121 2361 1258 2436 noteret,

211 2471 321 2536 fecere
335 2491 400 2536 non
420 2469 524 2556 potuit
546 2469 622 2558 quin
636 2469 668 2535 in
683 2467 784 2534 altero
801 2468 901 2534 breue
912 2491 1040 2557 quoque
1056 2478 1185 2557 tempus
1201 2492 1260 2557 per

211 2587 298 2674 quod
326 2597 423 2676 poete
449 2585 531 2652 elios
553 2596 687 2674 propter
707 2584 944 2652 festinationem
966 2596 999 2652 ot
1020 2585 1259 2674 neglegentiam

213 2703 422 2789 oestigendus
439 2722 588 2768 uersuum
606 2723 775 2768 numerum
793 2703 1061 2770 innumerabilem
1071 2703 1260 2769 confecisset

213 2820 367 2888 edonrete
388 2819 551 2886 indiceret.
604 2819 692 2907 q'nod
714 2821 871 2889 nooebnlo
893 2821 1010 2886 e‘ntmo
1030 2829 1161 2908 poetam
1181 2819 1261 2886 indi-

214 2959 288 3004 oere
308 2957 415 3025 neque
435 2935 575 3003 uoluisse
595 2958 701 3025 neque
715 2937 858 3025 potuisse
873 2937 1077 3004 menifestum
1093 2947 1152 3004 est.
1186 2959 1260 3004 nem

214 3055 242 3121 si
274 3062 371 3142 poete
400 3053 478 3118 nihil
505 3053 641 3120 dixisset
667 3053 727 3120 nisi
748 3053 959 3120 Hortensium
985 3075 1045 3141 per
1065 3053 1261 3120 nouennium

214 3169 465 3238 innumerabiles
486 3192 598 3237 uerene
628 3171 761 3248 lenisse,
788 3193 870 3236 nnus
898 3170 1036 3258 quisque
1060 3163 1263 3257 intellegeret

215 3296 337 3375 quento
361 3307 459 3373 opere
479 3285 560 3351 heeo
581 3285 688 3352 omnio
709 3287 875 3372 frigerent
918 3309 1027 3352 nonne
1044 3285 1129 3352 enim
1144 3309 1263 3352 nonen·

216 3402 304 3468 nium
314 3413 440 3469 tontum
453 3403 608 3491 temporis
620 3403 761 3490 spetiem
773 3412 823 3468 est
833 3415 989 3492 qnantum
1001 3404 1098 3468 etiem
1111 3402 1263 3490 religioso

216 3529 249 3586 et
281 3519 427 3608 diligenti
460 3528 577 3608 poetse
611 3520 652 3584 ed
684 3521 860 3608 permultos
892 3541 1004 3584 uersus
1034 3519 1264 3608 conponendos

216 3635 382 3703 sufficiet?
435 3645 523 3704 reete
554 3635 653 3722 igitur
687 3635 839 3724 temporie
871 3637 1064 3703 uooebulnm
1100 3636 1133 3701 in
1168 3660 1262 3704 uersu

218 3764 333 3842 questo
354 3752 453 3819 fnisse
473 3753 515 3819 ed
536 3775 568 3820 ιι.
589 3778 651 3819 urso
665 3755 802 3820 relotnm
818 3753 868 3820 nir
884 3753 1014 3844 quidem
1039 3753 1153 3820 dootns
1175 3755 1264 3820 onius

218 3871 475 3960 supplementum
510 3871 655 3938 Muretus
683 3872 822 3956 ‘ettnlit,
857 3871 1065 3940 Weiohertus
1102 3871 1265 3958 Heuptiur
