2970 4484
383 319 464 374 vnn
497 319 546 374 DE
564 318 721 372 CAESARE
738 319 786 372 ΕΤ
803 315 1035 370 ΟΔΕΒΔΒΙΔΝῙΒ
1186 317 1235 370 233

187 512 280 558 snam
302 487 464 558 Corinnae
484 485 615 554 nomine
636 484 820 572 insigninit,
848 495 975 574 praeter
1003 483 1072 550 eius
1092 480 1235 550 indolem

187 607 348 697 poeticam
376 605 438 673 alic
467 604 663 694 spectauerit
689 604 785 670 hodie
813 625 878 670 non
907 603 970 668 iam
994 601 1097 690 liquet
1118 625 1125 666 :
1147 599 1234 666 idem

187 723 230 792 de
259 723 388 790 nomine
409 721 598 789 Melaenidis
625 721 816 804 dicendum,
849 743 913 809 quo
945 729 1077 808 propter
1107 720 1233 784 fuscum

186 842 281 908 faciei
311 841 451 908 colorem
481 839 881 926 (cl.Martial.v11295)
909 837 1072 904 Domitius
1105 835 1233 900 Marsus

187 959 323 1026 amicam
354 956 492 1025 ornauit.
540 966 574 1024 at
602 955 719 1022 Ticida
744 955 909 1022 Metellam
937 955 1076 1021 Perillae
1103 952 1233 1021 nomine
1262 951 1267 959 ’

186 1077 353 1166 adpellem
372 1073 489 1140 nullius
510 1073 558 1140 rei
579 1083 708 1162 praeter
722 1073 982 1161 aequabilitatem
997 1069 1122 1138 numeri
1137 1070 1234 1137 ratio·

186 1217 260 1261 nem
282 1193 408 1260 uidetur
428 1191 590 1258 habuisse.
631 1191 726 1258 simul
747 1213 927 1257 mensnram
950 1201 983 1256 et
1004 1212 1120 1256 sonum
1134 1187 1234 1254 nomi·

187 1312 238 1378 nis
268 1309 450 1398 primigenii
483 1305 629 1374 Catullus
661 1308 820 1394 spectauit
849 1306 1027 1374 Tauusium
1059 1305 1233 1374 Geminum

187 1427 315 1495 Volusii
345 1425 473 1492 nomine
505 1423 708 1492 dissimulans
738 1447 747 1489 :
778 1433 877 1513 atque
913 1426 1040 1491 easdem
1072 1426 1152 1491 duas
1181 1447 1234 1492 res

187 1543 360 1611 Horatium
381 1543 414 1607 in
434 1542 564 1608 nomine
584 1540 775 1629 Licymniae
795 1543 949 1630 fingendo
971 1543 1154 1630 respexisse
1175 1565 1234 1610 nos

186 1659 251 1728 iam
272 1683 370 1750 supra
392 1660 468 1745 (etsi
488 1659 589 1726 multo
608 1659 821 1726 confidentius
836 1681 932 1746 quam
947 1683 1007 1748 par
1023 1661 1106 1745 erat)
1126 1684 1157 1749 p.
1174 1661 1234 1726 152

187 1779 337 1846 diximus.
361 1777 446 1844 idem
460 1777 596 1844 Flaccus
612 1777 639 1842 si
652 1775 875 1844 Maecenatem
887 1777 1080 1843 Malthinum
1095 1777 1234 1866 adpella-

187 1899 244 1976 nit,
265 1896 307 1964 ad
330 1896 399 1962 eiua
419 1917 526 1962 mores
549 1895 604 1962 sed
619 1893 665 1961 ita
679 1893 772 1960 simul
789 1904 825 1960 ut
841 1916 958 1960 nomen
972 1894 1112 1960 alterum
1132 1893 1232 1962 altero

186 2023 385 2082 commutare
405 2035 463 2102 per
484 2035 665 2078 mensuram
684 2011 797 2079 liceret
819 2011 986 2100 spectauit
1030 2011 1184 2097 similiter,
1206 2011 1234 2079 si

186 2132 298 2200 iabnla
315 2131 370 2198 illa
384 2129 424 2198 de
437 2152 534 2196 uersu
547 2130 603 2194 121
617 2139 744 2196 saturae
758 2131 881 2217 primae
889 2129 987 2196 fidem
999 2141 1147 2214 mereret,
1158 2130 1233 2196 Per·

186 2250 253 2318 sins
267 2249 308 2314 ad
322 2271 427 2316 mores
440 2247 580 2314 Neronis
591 2249 767 2336 respiciens
776 2269 880 2336 neque
890 2247 1016 2315 numeri
1028 2248 1234 2338 aequabilita-

186 2367 228 2434 tis
248 2366 405 2434 inmemor
425 2389 483 2454 pro
499 2366 631 2434 Nerone
645 2365 767 2434 Midam
789 2365 934 2455 posuisse
949 2367 1124 2434 uideretur.
1157 2366 1235 2436 alibi

186 2485 333 2552 uidemus
345 2493 478 2572 propter
488 2505 595 2550 mures
605 2485 660 2549 uel
671 2483 816 2549 facinora
830 2485 960 2549 nomina
974 2485 1020 2550 ita
1030 2493 1153 2552 mutata
1165 2507 1234 2552 esse

187 2611 224 2668 ut
251 2623 348 2668 sonus
373 2601 584 2689 primigenius
605 2601 783 2690 paullulum
804 2602 986 2668 uariaretur
1008 2623 1015 2665 :
1037 2603 1083 2668 ita
1104 2603 1234 2668 nomina

187 2718 332 2786 Acisculi
359 2717 482 2785 Placidi
508 2719 608 2786 Tullii
634 2721 667 2784 in
694 2719 824 2786 nomina
853 2717 929 2785 ficta
957 2718 1117 2785 Paciscnli
1139 2719 1234 2787 Acidi

187 2837 286 2904 Tollii
307 2845 515 2902 mutauerant
536 2837 591 2922 (cl.
604 2835 741 2918 Quintil.
756 2859 787 2902 vr
802 2837 822 2901 3
836 2837 902 2922 62),
924 2837 970 2903 ita
985 2835 1068 2903 Cato
1082 2837 1234 2905 Fuluium

187 2953 389 3022 Nobiliorem
409 2953 615 3020 Mobiliorem
637 2954 719 3020 dixit
739 2952 919 3036 (Ciceronis
941 2955 982 3020 de
1003 2964 1132 3022 oratore
1154 2979 1172 3021 u
1193 2956 1234 3022 63

186 3073 280 3156 256),
311 3069 357 3136 ita
386 3070 503 3138 milites
524 3071 689 3138 Tiberium
712 3071 886 3138 Claudium
907 3072 1073 3140 Neronem
1089 3047 1233 3161 ‘propter

186 3189 318 3256 nimiam
329 3188 396 3254 uini
408 3184 606 3256 auiditatem'
618 3187 781 3276 (Suetonii
792 3190 900 3257 Tiber.
911 3189 967 3276 42)
981 3189 1165 3257 nominibus
1181 3191 1233 3256 Bi·

185 3305 265 3373 berii
287 3306 396 3374 Caldii
417 3306 560 3374 Maronis
580 3307 754 3375 inriserunt
773 3331 781 3372 ε
803 3308 888 3376 idem
910 3319 1042 3398 propter
1067 3307 1234 3374 libidinum

186 3425 220 3490 in
236 3446 364 3491 secessu
379 3422 556 3512 Capreensi
574 3425 789 3492 exerciturum
803 3425 1026 3492 inmanitatem
1048 3425 1089 3492 ab
1111 3423 1157 3490 eis
1177 3425 1233 3515 qui

187 3542 227 3608 ad
247 3564 365 3608 nomen
385 3542 581 3630 Caprearum
603 3554 636 3609 et
657 3543 725 3607 eius
742 3551 890 3609 naturam
906 3543 1070 3631 caprinam
1085 3543 1233 3630 respicie-

185 3659 266 3726 bant
286 3659 464 3747 Caprineus
486 3659 708 3748 adpellsbatur
730 3659 834 3746 (Suet.
849 3661 922 3728 Tib.
943 3662 1008 3746 43).
1051 3662 1144 3728 aliter
1165 3683 1233 3725 rur·

186 3799 240 3844 sus
268 3779 328 3845 sub
357 3779 486 3844 nomine
509 3777 624 3845 Sabini
650 3777 792 3844 imitator
823 3779 877 3846 ille
907 3778 1031 3866 phaseli
1059 3777 1232 3845 Catulliani

187 3893 304 3982 (Vorg.
328 3895 421 3962 catal.
444 3895 479 3981 8)
500 3894 689 3962 Ventidium
717 3895 856 3962 Bassum
884 3898 1014 3963 nomine
1042 3917 1080 3961 co
1109 3894 1233 3960 detexit
