<?xml version="1.0" encoding="UTF-8"?>
<!DOCTYPE html PUBLIC "-//W3C//DTD XHTML 1.0 Transitional//EN"
    "http://www.w3.org/TR/xhtml1/DTD/xhtml1-transitional.dtd">
<html xmlns="http://www.w3.org/1999/xhtml" xml:lang="en" lang="en">
 <head>
  <title>
</title>
<meta http-equiv="Content-Type" content="text/html;charset=utf-8" />
  <meta name='ocr-system' content='tesseract 3.04.00' />
  <meta name='ocr-capabilities' content='ocr_page ocr_carea ocr_par ocr_line ocrx_word'/>
</head>
<body>
  <div class='ocr_page' id='page_1' title='image "./gvalericatvllil00schwgoog_0065.png"; bbox 0 0 2920 4492; ppageno 0'>
   <div class='ocr_carea' id='block_1_1' title="bbox 275 339 1099 396">
    <p class='ocr_par' dir='ltr' id='par_1_1' title="bbox 275 339 1099 396">
     <span class='ocr_line' id='line_1_1' title="bbox 275 339 1099 396; baseline -0.001 0"><span class='ocrx_word' id='word_1_1' title='bbox 275 343 308 396; x_wconf 70' lang='lat' dir='ltr'><strong>dt</strong></span> <span class='ocrx_word' id='word_1_2' title='bbox 539 341 578 392; x_wconf 90' lang='lat' dir='ltr'><strong>III</strong></span> <span class='ocrx_word' id='word_1_3' title='bbox 612 339 661 394; x_wconf 81' lang='lat' dir='ltr'><strong>nn</strong></span> <span class='ocrx_word' id='word_1_4' title='bbox 678 339 723 394; x_wconf 77' lang='lat' dir='ltr'><strong>ltu</strong></span> <span class='ocrx_word' id='word_1_5' title='bbox 740 339 926 395; x_wconf 74' lang='lat' dir='ltr'><strong>FAMILIARI</strong></span> <span class='ocrx_word' id='word_1_6' title='bbox 944 340 1099 396; x_wconf 74' lang='lat' dir='ltr'><strong>esrum</strong></span> 
     </span>
    </p>
   </div>
   <div class='ocr_carea' id='block_1_2' title="bbox 274 506 1327 576">
    <p class='ocr_par' dir='ltr' id='par_1_2' title="bbox 274 506 1327 576">
     <span class='ocr_line' id='line_1_2' title="bbox 274 506 1327 576; baseline 0.002 -2"><span class='ocrx_word' id='word_1_7' title='bbox 274 507 414 574; x_wconf 86' lang='lat' dir='ltr'><strong>Romam</strong></span> <span class='ocrx_word' id='word_1_8' title='bbox 444 506 618 574; x_wconf 87' lang='lat' dir='ltr'><strong>deductum</strong></span> <span class='ocrx_word' id='word_1_9' title='bbox 649 530 721 575; x_wconf 87' lang='lat' dir='ltr'><strong>esse</strong></span> <span class='ocrx_word' id='word_1_10' title='bbox 749 507 908 575; x_wconf 83' lang='lat' dir='ltr'><strong>Baebrius</strong></span> <span class='ocrx_word' id='word_1_11' title='bbox 935 507 1009 576; x_wconf 86' lang='lat' dir='ltr'><strong>bist.</strong></span> <span class='ocrx_word' id='word_1_12' title='bbox 1030 509 1090 575; x_wconf 81' lang='lat' dir='ltr'><strong>litt</strong></span> <span class='ocrx_word' id='word_1_13' title='bbox 1113 507 1209 576; x_wconf 87' lang='lat' dir='ltr'><strong>Rom.</strong></span> <span class='ocrx_word' id='word_1_14' title='bbox 1232 507 1327 576; x_wconf 78' lang='lat'><strong>1402</strong></span> 
     </span>
    </p>
   </div>
   <div class='ocr_carea' id='block_1_3' title="bbox 274 618 1447 832">
    <p class='ocr_par' dir='ltr' id='par_1_3' title="bbox 274 618 1447 832">
     <span class='ocr_line' id='line_1_3' title="bbox 274 618 1327 715; baseline 0.001 -24"><span class='ocrx_word' id='word_1_15' title='bbox 274 618 348 692; x_wconf 63' lang='lat' dir='ltr'><strong>sine&#39;</strong></span> <span class='ocrx_word' id='word_1_16' title='bbox 366 646 481 693; x_wconf 84' lang='lat' dir='ltr'><strong>caussa</strong></span> <span class='ocrx_word' id='word_1_17' title='bbox 501 624 620 692; x_wconf 82' lang='lat' dir='ltr'><strong>docuit</strong></span> <span class='ocrx_word' id='word_1_18' title='bbox 662 647 748 692; x_wconf 90' lang='lat' dir='ltr'><strong>nunc</strong></span> <span class='ocrx_word' id='word_1_19' title='bbox 775 624 855 691; x_wconf 88' lang='lat' dir='ltr'><strong>nibil</strong></span> <span class='ocrx_word' id='word_1_20' title='bbox 884 626 1019 713; x_wconf 82' lang='lat' dir='ltr'><strong>emplius</strong></span> <span class='ocrx_word' id='word_1_21' title='bbox 1047 625 1193 692; x_wconf 73' lang='lat' dir='ltr'><strong>conicere</strong></span> <span class='ocrx_word' id='word_1_22' title='bbox 1215 649 1327 715; x_wconf 84' lang='lat' dir='ltr'><strong>possu-</strong></span> 
     </span>
     <span class='ocr_line' id='line_1_4' title="bbox 274 741 1447 832; baseline 0 -24"><span class='ocrx_word' id='word_1_23' title='bbox 274 765 347 809; x_wconf 88' lang='lat' dir='ltr'><strong>mus</strong></span> <span class='ocrx_word' id='word_1_24' title='bbox 368 765 466 832; x_wconf 82' lang='lat' dir='ltr'><strong>quem</strong></span> <span class='ocrx_word' id='word_1_25' title='bbox 482 741 647 810; x_wconf 84' lang='lat' dir='ltr'><strong>Catullum</strong></span> <span class='ocrx_word' id='word_1_26' title='bbox 669 741 946 809; x_wconf 86' lang='lat' dir='ltr'><strong>adulescentulum</strong></span> <span class='ocrx_word' id='word_1_27' title='bbox 963 743 1102 808; x_wconf 86' lang='lat' dir='ltr'><strong>Romam</strong></span> <span class='ocrx_word' id='word_1_28' title='bbox 1124 765 1163 809; x_wconf 89' lang='lat' dir='ltr'><strong>eo</strong></span> <span class='ocrx_word' id='word_1_29' title='bbox 1185 743 1327 810; x_wconf 87' lang='lat' dir='ltr'><strong>maxime</strong></span> <span class='ocrx_word' id='word_1_30' title='bbox 1446 749 1447 764; x_wconf 64' lang='lat'>¹</span> 
     </span>
    </p>
   </div>
   <div class='ocr_carea' id='block_1_4' title="bbox 266 859 1327 3853">
    <p class='ocr_par' dir='ltr' id='par_1_4' title="bbox 273 859 1327 1888">
     <span class='ocr_line' id='line_1_5' title="bbox 275 859 1327 948; baseline 0.002 -23"><span class='ocrx_word' id='word_1_31' title='bbox 275 859 408 925; x_wconf 86' lang='lat' dir='ltr'><strong>consilio</strong></span> <span class='ocrx_word' id='word_1_32' title='bbox 436 861 627 948; x_wconf 80' lang='lat' dir='ltr'><strong>migrauisse</strong></span> <span class='ocrx_word' id='word_1_33' title='bbox 655 868 692 925; x_wconf 90' lang='lat' dir='ltr'><strong>nt</strong></span> <span class='ocrx_word' id='word_1_34' title='bbox 720 859 755 925; x_wconf 92' lang='lat' dir='ltr'><strong>in</strong></span> <span class='ocrx_word' id='word_1_35' title='bbox 784 859 861 925; x_wconf 88' lang='lat' dir='ltr'><strong>sede</strong></span> <span class='ocrx_word' id='word_1_36' title='bbox 889 870 923 925; x_wconf 89' lang='lat' dir='ltr'><strong>et</strong></span> <span class='ocrx_word' id='word_1_37' title='bbox 943 860 1037 948; x_wconf 88' lang='lat' dir='ltr'><strong>quasi</strong></span> <span class='ocrx_word' id='word_1_38' title='bbox 1058 859 1220 927; x_wconf 86' lang='lat' dir='ltr'><strong>domicilio</strong></span> <span class='ocrx_word' id='word_1_39' title='bbox 1242 861 1327 927; x_wconf 77' lang='lat' dir='ltr'><strong>litte</strong></span> 
     </span>
     <span class='ocr_line' id='line_1_6' title="bbox 274 975 1324 1064; baseline -0.001 -21"><span class='ocrx_word' id='word_1_40' title='bbox 274 999 384 1043; x_wconf 88' lang='lat' dir='ltr'><strong>rarum</strong></span> <span class='ocrx_word' id='word_1_41' title='bbox 404 975 627 1044; x_wconf 82' lang='lat' dir='ltr'><strong>Romanarum</strong></span> <span class='ocrx_word' id='word_1_42' title='bbox 649 975 763 1042; x_wconf 80' lang='lat' dir='ltr'><strong>studiis</strong></span> <span class='ocrx_word' id='word_1_43' title='bbox 786 976 919 1064; x_wconf 89' lang='lat' dir='ltr'><strong>poeticis</strong></span> <span class='ocrx_word' id='word_1_44' title='bbox 941 997 1071 1064; x_wconf 86' lang='lat' dir='ltr'><strong>operam</strong></span> <span class='ocrx_word' id='word_1_45' title='bbox 1093 985 1239 1044; x_wconf 83' lang='lat' dir='ltr'><strong>cenaret.</strong></span> <span class='ocrx_word' id='word_1_46' title='bbox 1282 976 1324 1042; x_wconf 89' lang='lat' dir='ltr'><strong>de</strong></span> 
     </span>
     <span class='ocr_line' id='line_1_7' title="bbox 275 1091 1326 1184; baseline -0.001 -25"><span class='ocrx_word' id='word_1_47' title='bbox 275 1095 392 1183; x_wconf 87' lang='lat' dir='ltr'><strong>quibus</strong></span> <span class='ocrx_word' id='word_1_48' title='bbox 414 1094 527 1162; x_wconf 88' lang='lat' dir='ltr'><strong>studiis</strong></span> <span class='ocrx_word' id='word_1_49' title='bbox 556 1093 633 1184; x_wconf 91' lang='lat' dir='ltr'><strong>qnid</strong></span> <span class='ocrx_word' id='word_1_50' title='bbox 657 1094 835 1160; x_wconf 81' lang='lat' dir='ltr'><strong>carminum</strong></span> <span class='ocrx_word' id='word_1_51' title='bbox 857 1091 1114 1160; x_wconf 83' lang='lat' dir='ltr'><strong>Getullienorum</strong></span> <span class='ocrx_word' id='word_1_52' title='bbox 1135 1103 1206 1160; x_wconf 87' lang='lat' dir='ltr'><strong>arte</strong></span> <span class='ocrx_word' id='word_1_53' title='bbox 1227 1101 1326 1182; x_wconf 85' lang='lat' dir='ltr'><strong>atque</strong></span> 
     </span>
     <span class='ocr_line' id='line_1_8' title="bbox 275 1210 1326 1300; baseline -0.001 -23"><span class='ocrx_word' id='word_1_54' title='bbox 275 1211 384 1279; x_wconf 86' lang='lat' dir='ltr'><strong>indole</strong></span> <span class='ocrx_word' id='word_1_55' title='bbox 405 1210 609 1278; x_wconf 76' lang='lat' dir='ltr'><strong>considerata</strong></span> <span class='ocrx_word' id='word_1_56' title='bbox 629 1221 661 1277; x_wconf 86' lang='lat' dir='ltr'><strong>et</strong></span> <span class='ocrx_word' id='word_1_57' title='bbox 674 1210 854 1300; x_wconf 83' lang='lat' dir='ltr'><strong>ponderate</strong></span> <span class='ocrx_word' id='word_1_58' title='bbox 869 1211 1074 1277; x_wconf 88' lang='lat' dir='ltr'><strong>statuendum</strong></span> <span class='ocrx_word' id='word_1_59' title='bbox 1096 1211 1147 1294; x_wconf 86' lang='lat' dir='ltr'><strong>sit,</strong></span> <span class='ocrx_word' id='word_1_60' title='bbox 1170 1212 1204 1277; x_wconf 89' lang='lat' dir='ltr'><strong>in</strong></span> <span class='ocrx_word' id='word_1_61' title='bbox 1225 1210 1326 1276; x_wconf 84' lang='lat' dir='ltr'><strong>altera</strong></span> 
     </span>
     <span class='ocr_line' id='line_1_9' title="bbox 276 1327 1326 1418; baseline -0.001 -23"><span class='ocrx_word' id='word_1_62' title='bbox 276 1330 502 1416; x_wconf 74' lang='lat' dir='ltr'><strong>quaestionum</strong></span> <span class='ocrx_word' id='word_1_63' title='bbox 529 1337 712 1397; x_wconf 85' lang='lat' dir='ltr'><strong>nostrarum</strong></span> <span class='ocrx_word' id='word_1_64' title='bbox 732 1338 826 1416; x_wconf 86' lang='lat' dir='ltr'><strong>parte</strong></span> <span class='ocrx_word' id='word_1_65' title='bbox 855 1328 1082 1418; x_wconf 87' lang='lat' dir='ltr'><strong>exponendum</strong></span> <span class='ocrx_word' id='word_1_66' title='bbox 1104 1327 1175 1394; x_wconf 89' lang='lat' dir='ltr'><strong>erit.</strong></span> <span class='ocrx_word' id='word_1_67' title='bbox 1218 1349 1326 1418; x_wconf 89' lang='lat' dir='ltr'><strong>neque</strong></span> 
     </span>
     <span class='ocr_line' id='line_1_10' title="bbox 275 1443 1326 1534; baseline -0.002 -22"><span class='ocrx_word' id='word_1_68' title='bbox 275 1469 353 1512; x_wconf 85' lang='lat' dir='ltr'><strong>uero</strong></span> <span class='ocrx_word' id='word_1_69' title='bbox 375 1467 577 1534; x_wconf 86' lang='lat' dir='ltr'><strong>perpaucos</strong></span> <span class='ocrx_word' id='word_1_70' title='bbox 598 1453 724 1510; x_wconf 87' lang='lat' dir='ltr'><strong>tantum</strong></span> <span class='ocrx_word' id='word_1_71' title='bbox 746 1465 847 1510; x_wconf 90' lang='lat' dir='ltr'><strong>annos</strong></span> <span class='ocrx_word' id='word_1_72' title='bbox 869 1443 1018 1513; x_wconf 77' lang='lat' dir='ltr'><strong>Catullus</strong></span> <span class='ocrx_word' id='word_1_73' title='bbox 1035 1445 1161 1512; x_wconf 87' lang='lat' dir='ltr'><strong>Romae</strong></span> <span class='ocrx_word' id='word_1_74' title='bbox 1181 1453 1326 1511; x_wconf 88' lang='lat' dir='ltr'><strong>moratus</strong></span> 
     </span>
     <span class='ocr_line' id='line_1_11' title="bbox 275 1561 1325 1644; baseline 0 -15"><span class='ocrx_word' id='word_1_75' title='bbox 275 1574 333 1644; x_wconf 75' lang='lat' dir='ltr'><strong>est,</strong></span> <span class='ocrx_word' id='word_1_76' title='bbox 355 1563 412 1630; x_wconf 90' lang='lat' dir='ltr'><strong>sed</strong></span> <span class='ocrx_word' id='word_1_77' title='bbox 434 1563 478 1629; x_wconf 90' lang='lat' dir='ltr'><strong>ibi</strong></span> <span class='ocrx_word' id='word_1_78' title='bbox 492 1562 591 1628; x_wconf 89' lang='lat' dir='ltr'><strong>totius</strong></span> <span class='ocrx_word' id='word_1_79' title='bbox 613 1562 700 1628; x_wconf 86' lang='lat' dir='ltr'><strong>uitae</strong></span> <span class='ocrx_word' id='word_1_80' title='bbox 719 1562 917 1628; x_wconf 82' lang='lat' dir='ltr'><strong>domicilium</strong></span> <span class='ocrx_word' id='word_1_81' title='bbox 938 1561 1114 1628; x_wconf 88' lang='lat' dir='ltr'><strong>constituit.</strong></span> <span class='ocrx_word' id='word_1_82' title='bbox 1156 1561 1219 1628; x_wconf 88' lang='lat' dir='ltr'><strong>boc</strong></span> <span class='ocrx_word' id='word_1_83' title='bbox 1233 1562 1325 1629; x_wconf 84' lang='lat' dir='ltr'><strong>locus</strong></span> 
     </span>
     <span class='ocr_line' id='line_1_12' title="bbox 273 1678 1325 1769; baseline -0.003 -22"><span class='ocrx_word' id='word_1_84' title='bbox 273 1679 424 1747; x_wconf 88' lang='lat' dir='ltr'><strong>carminis</strong></span> <span class='ocrx_word' id='word_1_85' title='bbox 439 1695 555 1747; x_wconf 77' lang='lat' dir='ltr'><strong>nxvrn·</strong></span> <span class='ocrx_word' id='word_1_86' title='bbox 566 1679 617 1746; x_wconf 84' lang='lat'><strong>34.</strong></span> <span class='ocrx_word' id='word_1_87' title='bbox 637 1679 678 1744; x_wconf 78' lang='lat'><strong>35</strong></span> <span class='ocrx_word' id='word_1_88' title='bbox 699 1678 909 1764; x_wconf 86' lang='lat' dir='ltr'><strong>demonstrat,</strong></span> <span class='ocrx_word' id='word_1_89' title='bbox 932 1701 996 1767; x_wconf 92' lang='lat' dir='ltr'><strong>quo</strong></span> <span class='ocrx_word' id='word_1_90' title='bbox 1012 1689 1109 1769; x_wconf 85' lang='lat' dir='ltr'><strong>poeta</strong></span> <span class='ocrx_word' id='word_1_91' title='bbox 1127 1679 1170 1746; x_wconf 89' lang='lat' dir='ltr'><strong>ad</strong></span> <span class='ocrx_word' id='word_1_92' title='bbox 1184 1678 1325 1746; x_wconf 87' lang='lat' dir='ltr'><strong>emicnm</strong></span> 
     </span>
     <span class='ocr_line' id='line_1_13' title="bbox 274 1797 994 1888; baseline -0.003 -24"><span class='ocrx_word' id='word_1_93' title='bbox 274 1798 434 1888; x_wconf 87' lang='lat' dir='ltr'><strong>quendam</strong></span> <span class='ocrx_word' id='word_1_94' title='bbox 456 1797 590 1866; x_wconf 86' lang='lat' dir='ltr'><strong>Verona</strong></span> <span class='ocrx_word' id='word_1_95' title='bbox 609 1798 751 1864; x_wconf 81' lang='lat' dir='ltr'><strong>Romam</strong></span> <span class='ocrx_word' id='word_1_96' title='bbox 772 1798 852 1864; x_wconf 88' lang='lat' dir='ltr'><strong>baec</strong></span> <span class='ocrx_word' id='word_1_97' title='bbox 873 1797 994 1880; x_wconf 80' lang='lat' dir='ltr'><strong>scribit,</strong></span> 
     </span>
    </p>

    <p class='ocr_par' dir='ltr' id='par_1_5' title="bbox 372 1913 1324 2002">
     <span class='ocr_line' id='line_1_14' title="bbox 372 1913 1324 2002; baseline -0.003 -21"><span class='ocrx_word' id='word_1_98' title='bbox 372 1939 444 1981; x_wconf 84' lang='lat' dir='ltr'><strong>nam</strong></span> <span class='ocrx_word' id='word_1_99' title='bbox 464 1913 550 2002; x_wconf 82' lang='lat' dir='ltr'><strong>quod</strong></span> <span class='ocrx_word' id='word_1_100' title='bbox 571 1919 752 2000; x_wconf 79' lang='lat' dir='ltr'><strong>scriptorum</strong></span> <span class='ocrx_word' id='word_1_101' title='bbox 773 1937 834 1980; x_wconf 81' lang='lat' dir='ltr'><strong>non</strong></span> <span class='ocrx_word' id='word_1_102' title='bbox 856 1937 970 1999; x_wconf 67' lang='lat' dir='ltr'><strong>moyere</strong></span> <span class='ocrx_word' id='word_1_103' title='bbox 991 1925 1037 1978; x_wconf 80' lang='lat' dir='ltr'><strong>eet</strong></span> <span class='ocrx_word' id='word_1_104' title='bbox 1049 1915 1142 1999; x_wconf 72' lang='lat' dir='ltr'><strong>copia</strong></span> <span class='ocrx_word' id='word_1_105' title='bbox 1156 1913 1249 2000; x_wconf 76' lang='lat' dir='ltr'><strong>apud</strong></span> <span class='ocrx_word' id='word_1_106' title='bbox 1268 1937 1324 1998; x_wconf 77' lang='lat' dir='ltr'><strong>me,</strong></span> 
     </span>
    </p>

    <p class='ocr_par' dir='ltr' id='par_1_6' title="bbox 424 2029 1155 2119">
     <span class='ocr_line' id='line_1_15' title="bbox 424 2029 1155 2119; baseline 0 -23"><span class='ocrx_word' id='word_1_107' title='bbox 424 2031 482 2097; x_wconf 78' lang='lat' dir='ltr'><strong>doc</strong></span> <span class='ocrx_word' id='word_1_108' title='bbox 496 2031 541 2116; x_wconf 81' lang='lat' dir='ltr'><strong>fit</strong></span> <span class='ocrx_word' id='word_1_109' title='bbox 559 2033 641 2119; x_wconf 83' lang='lat' dir='ltr'><strong>quod</strong></span> <span class='ocrx_word' id='word_1_110' title='bbox 660 2029 776 2096; x_wconf 81' lang='lat' dir='ltr'><strong>Romae</strong></span> <span class='ocrx_word' id='word_1_111' title='bbox 795 2035 927 2095; x_wconf 60' lang='lat' dir='ltr'><strong>melmae</strong></span> <span class='ocrx_word' id='word_1_112' title='bbox 947 2056 958 2095; x_wconf 94' lang='grc'><strong>.·</strong></span> <span class='ocrx_word' id='word_1_113' title='bbox 977 2029 1031 2096; x_wconf 78' lang='lat' dir='ltr'><strong>illa</strong></span> <span class='ocrx_word' id='word_1_114' title='bbox 1050 2033 1155 2097; x_wconf 65' lang='lat' dir='ltr'><strong>mue</strong></span> 
     </span>
    </p>

    <p class='ocr_par' dir='ltr' id='par_1_7' title="bbox 269 2147 1325 3405">
     <span class='ocr_line' id='line_1_16' title="bbox 371 2147 1096 2236; baseline 0 -24"><span class='ocrx_word' id='word_1_115' title='bbox 371 2149 425 2212; x_wconf 73' lang='lat' dir='ltr'><strong>sila</strong></span> <span class='ocrx_word' id='word_1_116' title='bbox 444 2147 528 2212; x_wconf 78' lang='lat' dir='ltr'><strong>ms&#39;ltr&#39;</strong></span> <span class='ocrx_word' id='word_1_117' title='bbox 546 2149 649 2236; x_wconf 74' lang='lat' dir='ltr'><strong>cedes,</strong></span> <span class='ocrx_word' id='word_1_118' title='bbox 662 2147 729 2212; x_wconf 77' lang='lat' dir='ltr'><strong>s&#39;lle‘c</strong></span> <span class='ocrx_word' id='word_1_119' title='bbox 750 2170 821 2212; x_wconf 83' lang='lat' dir='ltr'><strong>mea</strong></span> <span class='ocrx_word' id='word_1_120' title='bbox 842 2147 982 2233; x_wconf 73' lang='lat' dir='ltr'><strong>carpitur</strong></span> <span class='ocrx_word' id='word_1_121' title='bbox 1001 2159 1096 2212; x_wconf 79' lang='lat' dir='ltr'><strong>cetae</strong></span> 
     </span>
     <span class='ocr_line' id='line_1_17' title="bbox 272 2261 1325 2351; baseline 0.002 -23"><span class='ocrx_word' id='word_1_122' title='bbox 272 2261 348 2328; x_wconf 90' lang='lat' dir='ltr'><strong>inde</strong></span> <span class='ocrx_word' id='word_1_123' title='bbox 373 2261 495 2330; x_wconf 81' lang='lat' dir='ltr'><strong>factum</strong></span> <span class='ocrx_word' id='word_1_124' title='bbox 516 2271 566 2330; x_wconf 87' lang='lat' dir='ltr'><strong>est</strong></span> <span class='ocrx_word' id='word_1_125' title='bbox 587 2273 623 2328; x_wconf 89' lang='lat' dir='ltr'><strong>ut</strong></span> <span class='ocrx_word' id='word_1_126' title='bbox 643 2262 781 2351; x_wconf 86' lang='lat' dir='ltr'><strong>plurima</strong></span> <span class='ocrx_word' id='word_1_127' title='bbox 802 2261 945 2329; x_wconf 86' lang='lat' dir='ltr'><strong>carmine</strong></span> <span class='ocrx_word' id='word_1_128' title='bbox 963 2261 1110 2330; x_wconf 79' lang='lat' dir='ltr'><strong>Oabdlns</strong></span> <span class='ocrx_word' id='word_1_129' title='bbox 1141 2261 1269 2330; x_wconf 88' lang='lat' dir='ltr'><strong>Romae</strong></span> <span class='ocrx_word' id='word_1_130' title='bbox 1291 2273 1325 2330; x_wconf 92' lang='lat' dir='ltr'><strong>st</strong></span> 
     </span>
     <span class='ocr_line' id='line_1_18' title="bbox 272 2377 1322 2469; baseline 0.002 -23"><span class='ocrx_word' id='word_1_131' title='bbox 272 2379 313 2446; x_wconf 88' lang='lat' dir='ltr'><strong>de</strong></span> <span class='ocrx_word' id='word_1_132' title='bbox 334 2379 515 2448; x_wconf 87' lang='lat' dir='ltr'><strong>bominibus</strong></span> <span class='ocrx_word' id='word_1_133' title='bbox 531 2380 692 2469; x_wconf 81' lang='lat' dir='ltr'><strong>rebusque</strong></span> <span class='ocrx_word' id='word_1_134' title='bbox 706 2379 839 2446; x_wconf 85' lang='lat' dir='ltr'><strong>urbanis</strong></span> <span class='ocrx_word' id='word_1_135' title='bbox 853 2380 1018 2446; x_wconf 75' lang='lat' dir='ltr'><strong>scriberet.</strong></span> <span class='ocrx_word' id='word_1_136' title='bbox 1061 2381 1170 2468; x_wconf 84' lang='lat' dir='ltr'><strong>iteqne</strong></span> <span class='ocrx_word' id='word_1_137' title='bbox 1192 2377 1322 2448; x_wconf 79' lang='lat' dir='ltr'><strong>Catullo</strong></span> 
     </span>
     <span class='ocr_line' id='line_1_19' title="bbox 272 2494 1322 2586; baseline 0.002 -24"><span class='ocrx_word' id='word_1_138' title='bbox 272 2496 381 2564; x_wconf 88' lang='lat' dir='ltr'><strong>euenit</strong></span> <span class='ocrx_word' id='word_1_139' title='bbox 395 2497 518 2564; x_wconf 72' lang='lat' dir='ltr'><strong>Romam</strong></span> <span class='ocrx_word' id='word_1_140' title='bbox 539 2507 576 2562; x_wconf 88' lang='lat' dir='ltr'><strong>ut</strong></span> <span class='ocrx_word' id='word_1_141' title='bbox 590 2505 779 2563; x_wconf 87' lang='lat' dir='ltr'><strong>moreretur.</strong></span> <span class='ocrx_word' id='word_1_142' title='bbox 821 2518 927 2585; x_wconf 88' lang='lat' dir='ltr'><strong>neque</strong></span> <span class='ocrx_word' id='word_1_143' title='bbox 942 2518 1020 2564; x_wconf 87' lang='lat' dir='ltr'><strong>uero</strong></span> <span class='ocrx_word' id='word_1_144' title='bbox 1036 2494 1181 2564; x_wconf 76' lang='lat' dir='ltr'><strong>Catullus</strong></span> <span class='ocrx_word' id='word_1_145' title='bbox 1195 2497 1322 2586; x_wconf 85' lang='lat' dir='ltr'><strong>patriae</strong></span> 
     </span>
     <span class='ocr_line' id='line_1_20' title="bbox 271 2613 1321 2704; baseline 0 -24"><span class='ocrx_word' id='word_1_146' title='bbox 271 2636 423 2704; x_wconf 83' lang='lat' dir='ltr'><strong>umquem</strong></span> <span class='ocrx_word' id='word_1_147' title='bbox 447 2613 565 2680; x_wconf 86' lang='lat' dir='ltr'><strong>oblitus</strong></span> <span class='ocrx_word' id='word_1_148' title='bbox 587 2623 644 2697; x_wconf 86' lang='lat' dir='ltr'><strong>est,</strong></span> <span class='ocrx_word' id='word_1_149' title='bbox 667 2613 733 2698; x_wconf 90' lang='lat' dir='ltr'><strong>sed,</strong></span> <span class='ocrx_word' id='word_1_150' title='bbox 755 2622 792 2679; x_wconf 89' lang='lat' dir='ltr'><strong>ut</strong></span> <span class='ocrx_word' id='word_1_151' title='bbox 813 2613 881 2680; x_wconf 88' lang='lat' dir='ltr'><strong>eius</strong></span> <span class='ocrx_word' id='word_1_152' title='bbox 896 2613 1039 2680; x_wconf 89' lang='lat' dir='ltr'><strong>cermina</strong></span> <span class='ocrx_word' id='word_1_153' title='bbox 1053 2623 1223 2699; x_wconf 73' lang='lat' dir='ltr'><strong>testantur,</strong></span> <span class='ocrx_word' id='word_1_154' title='bbox 1243 2613 1321 2681; x_wconf 90' lang='lat' dir='ltr'><strong>illuc</strong></span> 
     </span>
     <span class='ocr_line' id='line_1_21' title="bbox 270 2731 1321 2820; baseline 0.001 -22"><span class='ocrx_word' id='word_1_155' title='bbox 270 2731 398 2820; x_wconf 87' lang='lat' dir='ltr'><strong>saepius</strong></span> <span class='ocrx_word' id='word_1_156' title='bbox 413 2731 509 2797; x_wconf 88' lang='lat' dir='ltr'><strong>rediit</strong></span> <span class='ocrx_word' id='word_1_157' title='bbox 535 2741 567 2796; x_wconf 90' lang='lat' dir='ltr'><strong>et</strong></span> <span class='ocrx_word' id='word_1_158' title='bbox 580 2731 730 2818; x_wconf 80' lang='lat' dir='ltr'><strong>regiones</strong></span> <span class='ocrx_word' id='word_1_159' title='bbox 751 2731 882 2820; x_wconf 87' lang='lat' dir='ltr'><strong>patrias,</strong></span> <span class='ocrx_word' id='word_1_160' title='bbox 905 2753 1043 2819; x_wconf 87' lang='lat' dir='ltr'><strong>quarum</strong></span> <span class='ocrx_word' id='word_1_161' title='bbox 1063 2741 1185 2819; x_wconf 89' lang='lat' dir='ltr'><strong>quanto</strong></span> <span class='ocrx_word' id='word_1_162' title='bbox 1208 2753 1321 2800; x_wconf 86' lang='lat' dir='ltr'><strong>emore</strong></span> 
     </span>
     <span class='ocr_line' id='line_1_22' title="bbox 269 2847 1321 2940; baseline 0.002 -24"><span class='ocrx_word' id='word_1_163' title='bbox 269 2849 410 2940; x_wconf 83' lang='lat' dir='ltr'><strong>inpletus</strong></span> <span class='ocrx_word' id='word_1_164' title='bbox 431 2847 528 2915; x_wconf 76' lang='lat' dir='ltr'><strong>norit</strong></span> <span class='ocrx_word' id='word_1_165' title='bbox 548 2869 678 2914; x_wconf 85' lang='lat' dir='ltr'><strong>carmen</strong></span> <span class='ocrx_word' id='word_1_166' title='bbox 692 2871 770 2914; x_wconf 71' lang='lat' dir='ltr'><strong>xxxi</strong></span> <span class='ocrx_word' id='word_1_167' title='bbox 786 2847 949 2937; x_wconf 84' lang='lat' dir='ltr'><strong>patefecit,</strong></span> <span class='ocrx_word' id='word_1_168' title='bbox 972 2847 1095 2916; x_wconf 85' lang='lat' dir='ltr'><strong>reuisit.</strong></span> <span class='ocrx_word' id='word_1_169' title='bbox 1118 2850 1158 2915; x_wconf 83' lang='lat' dir='ltr'><strong>ci.</strong></span> <span class='ocrx_word' id='word_1_170' title='bbox 1175 2850 1321 2918; x_wconf 84' lang='lat' dir='ltr'><strong>carmina</strong></span> 
     </span>
     <span class='ocr_line' id='line_1_23' title="bbox 271 2966 1320 3055; baseline -0.001 -20"><span class='ocrx_word' id='word_1_171' title='bbox 271 2992 363 3035; x_wconf 83' lang='lat' dir='ltr'>xxxv</span> <span class='ocrx_word' id='word_1_172' title='bbox 385 2972 476 3034; x_wconf 79' lang='lat' dir='ltr'><strong>nxvti</strong></span> <span class='ocrx_word' id='word_1_173' title='bbox 498 2983 612 3032; x_wconf 81' lang='lat' dir='ltr'><strong>varn·</strong></span> <span class='ocrx_word' id='word_1_174' title='bbox 624 3016 633 3050; x_wconf 92' lang='lat'><strong>,</strong></span> <span class='ocrx_word' id='word_1_175' title='bbox 656 2987 740 3054; x_wconf 88' lang='lat' dir='ltr'><strong>quae</strong></span> <span class='ocrx_word' id='word_1_176' title='bbox 755 2966 906 3032; x_wconf 79' lang='lat' dir='ltr'><strong>Veronae</strong></span> <span class='ocrx_word' id='word_1_177' title='bbox 928 2967 1048 3055; x_wconf 84' lang='lat' dir='ltr'><strong>scripta</strong></span> <span class='ocrx_word' id='word_1_178' title='bbox 1069 2977 1153 3044; x_wconf 87' lang='lat' dir='ltr'><strong>sunt,</strong></span> <span class='ocrx_word' id='word_1_179' title='bbox 1175 2967 1320 3034; x_wconf 76' lang='lat' dir='ltr'><strong>carmina</strong></span> 
     </span>
     <span class='ocr_line' id='line_1_24' title="bbox 270 3079 1321 3172; baseline 0 -22"><span class='ocrx_word' id='word_1_180' title='bbox 270 3108 311 3152; x_wconf 84' lang='lat' dir='ltr'><strong>nu</strong></span> <span class='ocrx_word' id='word_1_181' title='bbox 340 3095 373 3151; x_wconf 88' lang='lat' dir='ltr'><strong>et</strong></span> <span class='ocrx_word' id='word_1_182' title='bbox 394 3107 491 3166; x_wconf 75' lang='lat' dir='ltr'><strong>xxxi,</strong></span> <span class='ocrx_word' id='word_1_183' title='bbox 526 3105 610 3172; x_wconf 90' lang='lat' dir='ltr'><strong>quae</strong></span> <span class='ocrx_word' id='word_1_184' title='bbox 637 3091 735 3170; x_wconf 88' lang='lat' dir='ltr'><strong>poeta</strong></span> <span class='ocrx_word' id='word_1_185' title='bbox 768 3083 801 3148; x_wconf 90' lang='lat' dir='ltr'><strong>in</strong></span> <span class='ocrx_word' id='word_1_186' title='bbox 831 3079 992 3150; x_wconf 84' lang='lat' dir='ltr'><strong>Sirmione</strong></span> <span class='ocrx_word' id='word_1_187' title='bbox 1022 3083 1216 3172; x_wconf 86' lang='lat' dir='ltr'><strong>paeninsula</strong></span> <span class='ocrx_word' id='word_1_188' title='bbox 1247 3107 1321 3152; x_wconf 90' lang='lat' dir='ltr'><strong>oon·</strong></span> 
     </span>
     <span class='ocr_line' id='line_1_25' title="bbox 270 3201 1320 3290; baseline 0.005 -26"><span class='ocrx_word' id='word_1_189' title='bbox 270 3201 396 3288; x_wconf 86' lang='lat' dir='ltr'><strong>posuit,</strong></span> <span class='ocrx_word' id='word_1_190' title='bbox 430 3210 603 3290; x_wconf 85' lang='lat' dir='ltr'><strong>praeterea</strong></span> <span class='ocrx_word' id='word_1_191' title='bbox 632 3201 775 3266; x_wconf 87' lang='lat' dir='ltr'><strong>carmina</strong></span> <span class='ocrx_word' id='word_1_192' title='bbox 795 3221 862 3264; x_wconf 82' lang='lat' dir='ltr'><strong>xvn</strong></span> <span class='ocrx_word' id='word_1_193' title='bbox 883 3222 984 3274; x_wconf 74' lang='lat' dir='ltr'><strong>xxm</strong></span> <span class='ocrx_word' id='word_1_194' title='bbox 1007 3221 1131 3266; x_wconf 79' lang='lat' dir='ltr'><strong>xxxxtn</strong></span> <span class='ocrx_word' id='word_1_195' title='bbox 1154 3217 1175 3267; x_wconf 79' lang='lat' dir='ltr'><strong>c</strong></span> <span class='ocrx_word' id='word_1_196' title='bbox 1197 3219 1241 3268; x_wconf 85' lang='lat' dir='ltr'><strong>cx</strong></span> <span class='ocrx_word' id='word_1_197' title='bbox 1263 3219 1320 3270; x_wconf 75' lang='lat' dir='ltr'><strong>cxi</strong></span> 
     </span>
     <span class='ocr_line' id='line_1_26' title="bbox 269 3316 808 3405; baseline 0 -23"><span class='ocrx_word' id='word_1_198' title='bbox 269 3318 331 3384; x_wconf 89' lang='lat' dir='ltr'><strong>hoo</strong></span> <span class='ocrx_word' id='word_1_199' title='bbox 351 3318 484 3384; x_wconf 89' lang='lat' dir='ltr'><strong>nomine</strong></span> <span class='ocrx_word' id='word_1_200' title='bbox 503 3316 703 3405; x_wconf 84' lang='lat' dir='ltr'><strong>respicienda</strong></span> <span class='ocrx_word' id='word_1_201' title='bbox 723 3326 808 3383; x_wconf 89' lang='lat' dir='ltr'><strong>sunt.</strong></span> 
     </span>
    </p>

    <p class='ocr_par' dir='ltr' id='par_1_8' title="bbox 266 3432 1322 3853">
     <span class='ocr_line' id='line_1_27' title="bbox 354 3432 1321 3524; baseline 0.001 -24"><span class='ocrx_word' id='word_1_202' title='bbox 354 3435 404 3500; x_wconf 79' lang='lat' dir='ltr'><strong>Ea</strong></span> <span class='ocrx_word' id='word_1_203' title='bbox 432 3457 516 3523; x_wconf 83' lang='lat' dir='ltr'><strong>quse</strong></span> <span class='ocrx_word' id='word_1_204' title='bbox 543 3445 714 3524; x_wconf 86' lang='lat' dir='ltr'><strong>praeterea</strong></span> <span class='ocrx_word' id='word_1_205' title='bbox 743 3433 782 3500; x_wconf 90' lang='lat' dir='ltr'><strong>de</strong></span> <span class='ocrx_word' id='word_1_206' title='bbox 814 3433 882 3499; x_wconf 88' lang='lat' dir='ltr'><strong>uita</strong></span> <span class='ocrx_word' id='word_1_207' title='bbox 909 3441 1025 3520; x_wconf 88' lang='lat' dir='ltr'><strong>poetue</strong></span> <span class='ocrx_word' id='word_1_208' title='bbox 1052 3432 1249 3500; x_wconf 82' lang='lat' dir='ltr'><strong>Veronensis</strong></span> <span class='ocrx_word' id='word_1_209' title='bbox 1277 3457 1321 3501; x_wconf 87' lang='lat' dir='ltr'><strong>ex</strong></span> 
     </span>
     <span class='ocr_line' id='line_1_28' title="bbox 271 3549 1320 3640; baseline 0.002 -24"><span class='ocrx_word' id='word_1_210' title='bbox 271 3551 339 3617; x_wconf 88' lang='lat' dir='ltr'><strong>eius</strong></span> <span class='ocrx_word' id='word_1_211' title='bbox 367 3551 450 3617; x_wconf 89' lang='lat' dir='ltr'><strong>libro</strong></span> <span class='ocrx_word' id='word_1_212' title='bbox 483 3551 561 3618; x_wconf 84' lang='lat' dir='ltr'><strong>disci</strong></span> <span class='ocrx_word' id='word_1_213' title='bbox 596 3559 733 3640; x_wconf 87' lang='lat' dir='ltr'><strong>possunt</strong></span> <span class='ocrx_word' id='word_1_214' title='bbox 770 3573 844 3616; x_wconf 92' lang='lat' dir='ltr'><strong>cum</strong></span> <span class='ocrx_word' id='word_1_215' title='bbox 876 3549 1048 3616; x_wconf 86' lang='lat' dir='ltr'><strong>maximam</strong></span> <span class='ocrx_word' id='word_1_216' title='bbox 1083 3559 1208 3638; x_wconf 85' lang='lat' dir='ltr'><strong>partem</strong></span> <span class='ocrx_word' id='word_1_217' title='bbox 1245 3573 1320 3618; x_wconf 92' lang='lat' dir='ltr'><strong>cnm</strong></span> 
     </span>
     <span class='ocr_line' id='line_1_29' title="bbox 268 3665 1322 3757; baseline 0.003 -24"><span class='ocrx_word' id='word_1_218' title='bbox 268 3669 435 3736; x_wconf 89' lang='lat' dir='ltr'><strong>amoribus</strong></span> <span class='ocrx_word' id='word_1_219' title='bbox 459 3669 525 3734; x_wconf 89' lang='lat' dir='ltr'><strong>eins</strong></span> <span class='ocrx_word' id='word_1_220' title='bbox 548 3669 612 3735; x_wconf 89' lang='lat' dir='ltr'><strong>sint</strong></span> <span class='ocrx_word' id='word_1_221' title='bbox 633 3689 776 3752; x_wconf 86' lang='lat' dir='ltr'><strong>conexa,</strong></span> <span class='ocrx_word' id='word_1_222' title='bbox 809 3667 850 3733; x_wconf 87' lang='lat' dir='ltr'><strong>de</strong></span> <span class='ocrx_word' id='word_1_223' title='bbox 874 3665 922 3733; x_wconf 91' lang='lat' dir='ltr'><strong>bis</strong></span> <span class='ocrx_word' id='word_1_224' title='bbox 950 3667 1058 3735; x_wconf 85' lang='lat' dir='ltr'><strong>stetim</strong></span> <span class='ocrx_word' id='word_1_225' title='bbox 1082 3665 1322 3757; x_wconf 84' lang='lat' dir='ltr'><strong>disquisitiones</strong></span> 
     </span>
     <span class='ocr_line' id='line_1_30' title="bbox 266 3785 784 3853; baseline -0.002 -2"><span class='ocrx_word' id='word_1_226' title='bbox 266 3786 440 3853; x_wconf 88' lang='lat' dir='ltr'><strong>adcuratae</strong></span> <span class='ocrx_word' id='word_1_227' title='bbox 462 3785 678 3852; x_wconf 79' lang='lat' dir='ltr'><strong>instituendae</strong></span> <span class='ocrx_word' id='word_1_228' title='bbox 700 3795 784 3851; x_wconf 88' lang='lat' dir='ltr'><strong>sunt.</strong></span> 
     </span>
    </p>
   </div>
   <div class='ocr_carea' id='block_1_5' title="bbox 0 0 1464 4492">
    <p class='ocr_par' dir='ltr' id='par_1_9' title="bbox 0 0 1464 4492">
     <span class='ocr_line' id='line_1_31' title="bbox 0 0 1464 4492; baseline 0 1"><span class='ocrx_word' id='word_1_229' title='bbox 0 0 1464 4492; x_wconf 95' lang='lat' dir='ltr'><strong> </strong></span> 
     </span>
    </p>
   </div>
  </div>
 </body>
</html>
