2920 4492
268 367 302 418 40
407 365 433 417 ll
468 364 516 417 Dll
534 363 640 418 ame
661 363 796 418 naum
813 363 861 417 ΕΤ
878 361 1179 416 tutamentum

266 539 389 619 quanta
423 529 458 597 in
493 553 592 597 uerau
633 531 730 598 tertio
765 531 922 620 erumpit,
966 529 1099 616 dignum
1136 529 1318 596 habuiaael

268 667 376 714 nonne
411 647 467 713 illa
502 649 603 716 uerba
631 648 672 714 de
698 650 866 714 consulatu
888 655 1060 735 expectato
1093 667 1198 736 aeque
1225 646 1316 730 bone,

266 762 364 830 immo
386 764 483 830 etiam
507 763 631 848 melina,
652 766 729 852 quia
748 774 818 830 tom
838 785 950 830 aeneus
969 763 1069 830 totius
1090 785 1205 830 nerana
1217 763 1317 832 multe

268 880 416 948 acerbior
450 882 502 965 fit,
541 881 687 969 intellegi
714 880 881 971 possunt?
933 881 1011 969 quin
1043 881 1140 948 etiam
1173 881 1215 946 de
1246 903 1318 948 eon·

267 999 377 1065 auletn
399 999 524 1066 Vatinii
544 999 653 1065 futuro
680 998 914 1086 intellegantur
947 1019 1079 1064 neooeae
1110 1007 1167 1064 eat
1209 996 1317 1064 aeonia

269 1115 352 1182 enim
373 1135 486 1181 uorsus
516 1115 648 1182 secundi
674 1117 745 1182 aelio
765 1117 802 1182 a'n
822 1117 924 1181 amuli
943 1114 1030 1181 tedet
1048 1114 1082 1178 in
1104 1134 1199 1180 uersu
1221 1113 1316 1181 tertio

269 1231 371 1300 uerba
397 1256 454 1318 per
481 1235 663 1298 comaclum
696 1235 819 1320 patrat
845 1231 1071 1320 respondent:
1092 1231 1174 1298 altor
1204 1230 1317 1318 magis·

269 1359 390 1417 tratum
411 1359 515 1434 tonet,
537 1351 618 1415 altor
639 1358 800 1438 expectat.
843 1348 888 1415 ita
910 1349 937 1428 ai
957 1347 1196 1437 interpretatio,
1219 1349 1318 1414 uerba

272 1465 358 1532 nodet
374 1477 406 1532 et
417 1473 538 1553 peierat
549 1465 609 1532 eibi
629 1476 837 1554 opponuntur
856 1467 985 1554 optime.
1015 1464 1073 1532 aed
1092 1486 1189 1554 quam
1210 1465 1319 1530 ineun-

270 1583 385 1667 oinne,
417 1581 444 1648 ai
466 1581 616 1649 Vatinius
637 1583 702 1647 iam
723 1593 791 1648 tum
814 1582 1016 1648 consulatum
1037 1571 1195 1669 gereret,‘
1219 1581 1319 1648 uerba

271 1699 355 1766 aedat
365 1708 397 1765 et
405 1701 528 1786 peierat
541 1720 576 1764 se
590 1699 796 1786 exciperent!
818 1709 964 1786 tempora
977 1699 1025 1765 roi
1042 1697 1200 1786 publicae,
1214 1697 1320 1787 inquit

273 1814 436 1898 Catullus,
468 1827 534 1882 tam
556 1816 669 1905 iniqua
691 1826 723 1881 ot
742 1815 847 1882 tristia
868 1826 943 1882 aunt
971 1827 1008 1882 nt
1028 1815 1193 1899 Vatinius,
1219 1816 1318 1881 homo

272 1933 525 2020 inprobissimua,
547 1955 583 1998 ae
604 1923 768 2000 oonnulem
782 1932 927 2000 futurum
949 1955 1020 2000 eane
1038 1931 1170 2021 gloriari
1188 1940 1223 2006 et
1244 1955 1320 1999 oon·

272 2051 380 2116 aulatu
408 2049 516 2117 futuro
547 2049 588 2115 ad
610 2049 779 2116 iurandum
801 2073 858 2116 aen
879 2051 1006 2138 potine,
1039 2071 1113 2116 oum
1140 2049 1192 2115 ille
1221 2049 1320 2115 homo

272 2189 414 2255 nequam
445 2165 524 2233 nihil
555 2166 617 2232 nini
644 2166 761 2234 falsum
787 2167 888 2250 iuret,
920 2167 960 2234 ed
989 2166 1196 2256 peierondum
1228 2165 1321 2232 abuti

274 2284 399 2350 audeat
442 2293 492 2350 ent
519 2283 611 2371 quui
638 2285 725 2351 dicut
750 2283 898 2351 Vatinius
929 2278 985 2352 ‘ita
1013 2284 1127 2350 eonanl
1156 2281 1251 2367 fiam,
1283 2293 1320 2350 ut

275 2423 358 2490 quae
381 2401 514 2466 adfirmo
535 2422 615 2466 uera
635 2394 728 2467 aunt'.
771 2401 854 2467 hano
874 2401 968 2468 nobia
990 2400 1160 2491 probatam
1180 2399 1321 2489 explica

273 2517 394 2586 tionem
424 2539 537 2584 ueraua
566 2517 653 2584 tertii
679 2518 743 2584 loci
764 2517 846 2602 duo,
878 2517 935 2607 qui
960 2520 993 2585 in
1015 2516 1180 2585 Ciceronis
1200 2517 1234 2582 in
1255 2515 1321 2582 Va

272 2635 390 2702 tinium
432 2634 685 2723 interrogatione
727 2657 811 2702 anno
845 2635 965 2714 *welto
1005 2635 1115 2704 habita
1156 2635 1321 2722 leguntur,

276 2751 391 2818 mirum
413 2762 569 2840 qnantum
591 2752 833 2836 commendant,
855 2753 972 2842 quibua
993 2751 1160 2820 Vatinium
1179 2751 1243 2817 iam
1266 2751 1322 2817 diu

274 2881 350 2936 ante
376 2891 473 2957 quam
502 2871 704 2937 consulatum
736 2870 872 2959 adeptus
902 2879 967 2954 eat,
1000 2869 1040 2936 de
1071 2869 1241 2935 consulatu
1262 2889 1322 2933 auo

272 2987 401 3070 futuro,
430 2987 528 3052 immo
551 2986 592 3052 de
614 2986 716 3052 altero
737 3008 796 3052 suo
818 2986 986 3052 oonaulatu
1005 2984 1227 3074 loquirenara
1249 3005 1324 3050 oon·

274 3105 418 3170 aueuiaae
439 3101 599 3169 discimus.
641 3089 722 3168 haee
743 3103 827 3168 enim
849 3102 976 3170 Tullius
997 3102 1030 3168 iu
1052 3099 1220 3168 Vatinium
1239 3099 1324 3167 dixit

275 3221 297 3286 2
317 3221 338 3285 6
359 3231 392 3286 at
411 3232 511 3286 mmm
531 3224 600 3298 loa,
637 3220 757 3302 Vatini,
785 3233 927 3286 monento
946 3220 1052 3306 puello
1073 3231 1141 3306 post
1160 3219 1252 3285 iatam
1272 3221 1322 3284 de·

275 3338 444 3424 sennonem
465 3361 572 3422 meam,
593 3359 687 3425 qinom
700 3349 732 3403 tu
748 3339 834 3404 bonai
853 3341 928 3402 ιιίνίε
947 3337 1145 3423 diaplicttitae
1164 3337 1256 3415 dioto,
1276 3359 1324 3402 me

277 3477 344 3520 oum
374 3456 518 3520 uniumi
538 3457 643 3542 populi
668 3455 803 3521 Romani
825 3477 940 3520 mmmo
965 3455 1120 3520 totumue
1140 3465 1202 3518 nem
1223 3455 1328 3539 optimi

277 3575 426 3661 cneoque
456 3573 612 3659 thordoni
635 3574 732 3638 amdan
760 3571 1063 3658 moynffioontt'aoime
1087 3581 1159 3657 poet
1177 3573 1325 3636 lomim

275 3691 455 3758 memoriam
490 3693 639 3756 consulet
670 3689 794 3775 saonem
829 3689 994 3776 omnioque
1025 3711 1062 3753 aa
1092 3709 1143 3754 mo
1177 3689 1326 3773 pedaneo·

275 3807 412 3876 uiuendo
441 3821 634 3874 metatam
664 3831 746 3885 eaeo,
777 3829 855 3894 quoa
881 3817 911 3870 tn
932 3807 1109 3891 inpudenter
1128 3805 1325 3870 mutuando

163 3907 174 3914 ³
276 3947 400 4015 operm
419 3937 447 3994 te
461 3947 556 4012 saepe
571 3924 695 3992 &niati
727 3924 800 3990 511
817 3933 1011 4013 quaestum
1017 3926 1121 4012 petisti
1134 3925 1177 4006 (a
1192 3921 1326 4008 690164)
