2920 4492
255 331 285 380 to
517 329 529 378 1
565 327 612 378 DE
630 327 822 380 HOMINIBVS
839 327 993 379 cervam

253 493 401 570 uiliores,
429 493 562 582 partim,
590 495 617 560 si
639 516 768 560 sensum
797 495 1058 578 consideramus,
1091 517 1204 580 parum
1229 517 1300 582 pro·
1386 537 1389 542 ·

254 609 378 676 habiles
415 631 485 675 esse
519 611 698 676 uideantur.
752 634 825 677 nam
862 633 926 698 quo
962 611 1124 678 lubentius
1157 612 1299 692 concedo

252 747 449 813 praenomen
474 727 589 806 Quinte
617 751 657 792 ex
681 726 796 792 litteris
817 731 876 814 qui
893 739 919 792 te
940 728 1092 794 facillima
1113 739 1146 794 et
1167 751 1298 816 prorup-

251 843 377 910 tissima·
391 845 576 910 coniectura
589 845 713 908 restitui
729 867 833 930 posse,
848 866 886 910 eo
899 845 1089 930 magianum
1105 845 1298 910 uocabulum

252 963 348 1026 r'uaua
370 971 495 1026 mutare
516 960 610 1027 liceat
629 961 750 1028 dubito.
794 961 826 1026 in
849 960 1013 1027 elementis
1037 964 1133 1048 quite
1146 963 1298 1028 mendum

254 1079 453 1143 reconditum
476 1099 546 1142 esse
567 1077 771 1142 manifestum
794 1089 852 1161 ost,
875 1077 931 1142 sed
953 1099 1030 1142 num
1052 1079 1131 1167 quid
1152 1081 1183 1146 in
1206 1101 1299 1146 uoca-

253 1195 328 1260 bulo
351 1201 445 1259 iaaac
465 1193 549 1260 ineat
579 1195 664 1280 quod
694 1195 862 1282 displiceat
892 1217 996 1282 neque
1024 1193 1097 1261 huic
1127 1196 1198 1262 leco
1225 1219 1299 1262 con·

252 1310 390 1376 ueniat?
433 1335 493 1376 nec
523 1312 600 1375 uola
626 1333 687 1375 nec
715 1310 888 1398 uestigium
918 1310 1018 1378 adest
1060 1313 1159 1378 nihilo
1190 1313 1298 1378 minus

249 1428 296 1494 eis
319 1428 373 1516 qui
397 1429 511 1506 Quinta
532 1427 746 1514 scripserant,
767 1450 807 1492 ne
829 1449 924 1494 sensu
948 1453 1061 1494 uersus
1082 1439 1221 1509 careret,
1245 1453 1298 1494 uo·

248 1545 396 1610 nabulum
423 1525 505 1609 illud
532 1545 745 1608 amoueudum
768 1555 800 1609 et
820 1544 905 1610 aliud
928 1545 1185 1611 substituendum
1206 1547 1296 1612 fuit:

249 1663 360 1749 itaque
395 1683 435 1726 ex
476 1662 573 1726 ιἀιιιια
609 1659 760 1747 Scaliger
793 1664 888 1728 acaia
923 1662 1149 1727 Lachmannus
1182 1661 1298 1745 fabula

248 1777 472 1844 Froeblichius
495 1779 621 1843 insania
641 1777 799 1843 fecerunt
842 1779 926 1842 inter
956 1801 1036 1866 quas
1063 1778 1231 1858 lectiones,
1261 1789 1299 1844 ut

248 1894 289 1960 de
305 1893 497 1960 Froehlichii
520 1895 649 1960 insanin
668 1905 804 1977 taceam,
827 1893 986 1981 Scaligeri
1000 1895 1185 1960 coniectura
1200 1897 1298 1961 aeaa'u

248 2022 382 2098 propter
408 2010 677 2099 significationem
707 2010 776 2076 loco
805 2010 989 2078 Catulliana
1020 2033 1083 2078 non
1116 2035 1296 2099 congruam

248 2129 446 2216 repudianda
466 2141 514 2194 eet
535 2151 543 2192 ι
564 2129 739 2216 quodcum
754 2128 981 2196 Lachmannue
996 2129 1218 2213 intellexisset,
1240 2153 1300 2196 sua

247 2245 347 2332 ipsius
377 2256 562 2310 correctura
581 2244 699 2330 sobab
727 2245 835 2311 sensui
862 2246 925 2311 loci
954 2245 1083 2332 quidem
1113 2246 1197 2312 bene
1224 2269 1298 2312 cun·

247 2361 359 2445 saluit,
386 2362 443 2428 sed
470 2362 586 2427 ductus
614 2361 815 2438 litterarum,
847 2361 964 2450 quibus
986 2362 1178 2428 uocabulum
1200 2365 1297 2428 masa

246 2478 416 2562 scribitur,
444 2501 557 2566 parum
593 2480 729 2544 curauit.
787 2500 889 2565 quare
923 2500 988 2566 qno
1019 2478 1171 2544 maiorem
1199 2478 1296 2546 fidem

247 2596 393 2684 singulae
427 2617 530 2684 paene
571 2595 699 2661 litterae
740 2595 894 2661 librorum
938 2596 1097 2662 bonorum
1132 2606 1297 2662 merentur

248 2715 292 2797 (u.
316 2713 451 2800 Hauptii
473 2714 698 2799 quaestionum
718 2712 974 2780 Catullianarum
997 2737 1027 2800 p.
1044 2715 1088 2796 9),
1111 2736 1149 2780 eo
1172 2713 1297 2780 cautius

246 2832 287 2896 de
307 2829 535 2917 probabilitate
550 2831 782 2895 emendationis
798 2828 999 2896 Lachmanni
1018 2829 1222 2896 iudicandum
1239 2841 1296 2896 est

245 2949 301 3014 sed
322 2969 364 3013 ne
385 2948 581 3034 sicquidem
603 2947 763 3014 restitutio
794 2969 907 3014 uersus
932 2947 1014 3012 illins
1042 2947 1164 3033 eisqui
1188 2947 1298 3026 Quinta

247 3065 390 3153 recipere
410 3065 524 3130 uolunt
544 3064 687 3152 perfecta
709 3076 766 3129 est
809 3087 883 3130 uam
904 3065 1060 3130 librorum
1082 3066 1136 3130 bu
1154 3065 1206 3130 uel
1227 3067 1297 3132 istis

128 3237 132 3246 .
246 3183 352 3271 ipsum
376 3203 505 3270 quoque
527 3179 750 3246 defensoribus
772 3182 990 3268 praenominis
1009 3182 1198 3248 mutandum
1220 3193 1297 3246 est:

246 3321 344 3388 quam
374 3301 416 3363 ob
447 3319 516 3364 rem
538 3297 767 3364 Lachmannus
793 3296 878 3364 abead
905 3308 938 3362 et
965 3297 1186 3364 Froehlichius
1218 3301 1297 3365 aaa

247 3417 453 3503 scripserunt.
495 3415 605 3502 itaque
627 3437 690 3480 nun
713 3414 817 3480 solum
839 3414 1079 3482 emendationes
1092 3437 1173 3502 quas
1189 3437 1296 3481 receu-

247 3535 371 3600 suimus
391 3534 624 3600 uocabulorum
643 3539 738 3600 abnuo
758 3545 791 3600 et
810 3535 864 3598 isti
882 3555 938 3618 per
960 3555 995 3597 se
1015 3543 1180 3620 spectatae
1200 3531 1297 3598 ualde

246 3651 463 3739 inprobabiles
498 3665 591 3735 sunt,
628 3651 685 3717 sed
722 3651 816 3717 etiam
849 3671 1045 3738 praenomen
1082 3651 1196 3729 Qurbte
1230 3659 1296 3714 tam

247 3770 391 3857 speciose
413 3769 613 3848 restitutum,
645 3779 777 3856 utpote
798 3767 886 3857 quod
908 3767 969 3832 illis
991 3767 1168 3856 repudiatis
1190 3767 1294 3853 ipsum

248 3886 370 3952 seruari
392 3896 542 3974 nequeat,
563 3886 810 3952 incertissimum
834 3895 889 3950 est.
