2970 4484
391 357 466 412 vnn
499 355 547 410 Du
565 355 723 410 CAESARE
740 357 789 408 ΒΤ
807 355 1034 410 ceneselsms
1185 359 1235 411 ²85

190 523 341 592 carminis
362 525 462 592 totins
476 533 662 590 contextum
677 525 709 588 in
724 522 903 610 legentium
917 523 1031 590 animis
1045 523 1235 592 memoriam

188 635 382 709 ‘decoctoris
402 637 575 708 Fenniani’
596 641 839 729 redintegraret
881 641 1101 707 inmutandum
1128 653 1234 709 autem

189 761 326 828 uerbum
354 759 433 826 scite
459 767 555 846 poeta
575 759 622 825 ita
642 757 813 824 inmutauit
833 767 868 824 ut
891 779 1008 824 nomen
1029 780 1142 825 recens
1165 779 1234 824 uer-

188 875 237 941 sui
259 885 415 965 aptaret:
437 875 613 962 genuinum
635 875 737 958 enim,
765 883 803 940 ut
823 873 978 958 uidimus,
1000 877 1141 941 numeria
1162 876 1234 942 dac·

188 991 294 1082 tylicie
320 1002 491 1081 repugnat.
543 1013 584 1058 ne
616 993 689 1078 quia
717 1011 795 1056 uero
825 990 965 1080 denique
999 993 1092 1058 nobis
1125 1014 1164 1058 es
1193 992 1234 1059 de

188 1131 301 1176 caussa
329 1112 512 1197 refragetur
539 1107 626 1198 quod
647 1108 819 1174 Firmanus
843 1130 956 1174 uerum
978 1131 1096 1175 nomen
1118 1109 1161 1176 sit
1180 1132 1233 1176 ne·

188 1248 252 1316 qne
273 1227 338 1293 tale
359 1249 416 1315 pro
439 1227 541 1293 altero
563 1247 641 1292 uero
663 1247 782 1314 ponere
811 1237 920 1314 aptum
941 1225 1105 1310 uideatur,
1137 1229 1233 1294 adno-

187 1343 322 1412 tandum
350 1355 400 1410 est
428 1344 541 1410 eodem
570 1345 665 1410 modo
693 1365 751 1431 pro
780 1343 922 1412 Tanusio
952 1344 1055 1412 Basso
1085 1343 1233 1412 Gratidia

184 1461 314 1528 nomina
336 1461 461 1528 Volusii
477 1457 588 1528 Sabini
604 1458 770 1544 Canidiae,
791 1483 986 1551 quamquam
1008 1463 1081 1550 ipsa
1102 1483 1233 1552 quoque

184 1601 263 1645 uera
283 1577 414 1646 nomina
435 1589 519 1660 sunt,
541 1579 682 1667 reposita
705 1601 784 1644 cese.

267 1675 384 1763 Ilestat
403 1707 440 1765 nt
456 1719 647 1786 quaeramus
663 1719 720 1762 cur
735 1697 883 1763 Catullus
897 1697 930 1761 in
946 1695 1141 1762 carminibus
1162 1696 1232 1762 aliis

183 1811 384 1880 Mamurram
405 1835 482 1881 uero
503 1815 632 1880 nomine
653 1835 730 1880 usus
745 1815 916 1900 adgressus
938 1813 989 1897 sit,
1010 1815 1043 1879 in
1065 1814 1136 1880 aliis
1158 1835 1232 1880 oon·

183 1941 234 1997 tra
263 1953 381 1996 nomen
406 1931 516 1998 fictum
545 1953 700 2019 usurpare
731 1931 888 1998 maluerit.
942 1954 1007 2020 qua
1034 1931 1075 1998 de
1104 1953 1140 1998 re
1170 1931 1230 1998 etsi

183 2047 262 2113 certi
298 2048 378 2114 nihil
409 2048 492 2114 effici
530 2059 657 2137 potest,
694 2059 801 2116 tumen
835 2049 1050 2116 coniecturam
1089 2071 1154 2117 non
1185 2050 1231 2114 ita

183 2165 419 2253 improbabilem
453 2167 723 2255 Iungoluussenus
758 2168 935 2256 proposuit
1002 2187 1085 2254 quae
1127 2165 1230 2253 qualis

182 2279 225 2348 sit
276 2304 341 2348 non
393 2284 484 2371 prius
535 2284 696 2371 explicare
744 2305 875 2372 possum
925 2306 1021 2372 quam
1071 2283 1112 2349 de
1159 2282 1230 2351 loco

182 2397 332 2466 Suetonii
362 2400 518 2488 quodam,
547 2422 644 2487 quem
672 2401 737 2465 iam
764 2401 889 2489 saepius
918 2399 1012 2488 quasi
1033 2400 1231 2488 praeteriens

182 2515 296 2602 attigi,
329 2516 511 2583 adcuratius
542 2517 687 2605 exposui.
740 2517 946 2604 Tranquillus
982 2518 1083 2605 igitur
1117 2526 1231 2606 postea

183 2653 279 2722 quam
313 2633 387 2718 (Iul.
417 2634 472 2718 73)
502 2634 584 2702 dixit
612 2633 785 2702 Caesarem
817 2636 995 2702 simultates
1026 2634 1130 2700 nullas
1162 2644 1230 2700 tam

181 2772 300 2838 graues
328 2753 494 2840 excepisse
523 2775 603 2840 quas
630 2775 695 2818 non
722 2753 890 2818 occasione
912 2753 1020 2820 oblate
1041 2753 1155 2819 lubens
1177 2753 1229 2818 de·

179 2881 334 2955 poneret,
366 2869 415 2934 bis
445 2869 555 2957 pergit
584 2869 720 2936 uerbis:
742 2869 780 2936 61.
804 2871 898 2936 Caluo
921 2883 991 2957 post
1015 2869 1140 2954 famoso
1162 2871 1230 2956 epi·

177 2999 351 3073 grammata
382 2989 418 3052 de
444 2987 692 3054 recoucaliau'oue
721 3011 779 3074 per
808 2988 923 3054 amicos
951 2989 1058 3076 aperti
1082 2989 1160 3054 ultro
1189 3011 1229 3054 ac

178 3105 269 3190 prior
296 3105 431 3190 acrpm't.
483 3105 633 3170 Valerium
657 3106 824 3190 Catualium,
852 3129 874 3170 a
901 3127 961 3192 quo
988 3106 1050 3171 ubi
1072 3107 1229 3171 nauata

179 3223 223 3286 dc
244 3223 450 3286 Mamurra
468 3235 622 3308 perpetua
648 3227 793 3310 atipmata
818 3223 951 3309 inposito
972 3247 1030 3288 nou
1051 3221 1230 3309 dissimula·

178 3349 276 3421 uerat,
298 3345 375 3404 sotis
388 3338 559 3424 facientem
581 3341 686 3404 endan
707 3339 761 3406 die
781 3340 917 3405 adhibuit
938 3363 1028 3406 cmoc
1047 3342 1230 3428 hospitioque

174 3455 279 3542 patr-ia
307 3457 391 3537 eiua,
416 3455 496 3520 aa'cut
515 3469 716 3534 consumserat,
736 3461 782 3521 uu'
794 3457 1015 3543 pereamust.
1064 3457 1229 3544 quaeritur

179 3570 310 3661 quaudo
326 3569 474 3638 Catullus
488 3571 521 3636 in
541 3573 679 3660 gratiam
694 3571 843 3641 Caesaris
859 3573 1000 3641 redierit.
1042 3575 1107 3640 iam
1130 3597 1227 3662 supra

179 3711 212 3778 p.
232 3689 295 3754 223
324 3687 463 3756 diximus
491 3689 680 3756 Suetonium
710 3691 876 3757 uersiculis
896 3685 945 3758 ‘de
966 3685 1142 3758 Mamurra’
1161 3715 1227 3757 car·

179 3827 256 3872 men
286 3806 576 3894 undetrigesimum
607 3807 805 3895 significasse
836 3820 868 3875 et
899 3808 940 3876 nd
973 3808 1226 3898 indignationem
