2920 4492
198 1813 318 1882 Postea
348 1835 447 1903 quam
475 1811 516 1878 de
538 1811 660 1880 Catulli
681 1803 767 1880 uitae
788 1811 926 1878 termino
947 1821 1086 1902 utroque
1106 1811 1168 1878 ‹iis-

121 1932 299 2017 putsuimus
311 1981 322 2016 ,
360 1932 426 1998 iam
454 1931 495 1997 de
521 1939 638 2019 poetae
658 1931 726 1997 uita
747 1931 818 2020 ipsa
841 1939 938 2018 atque
960 1931 1099 2018 primum
1127 1927 1168 1996 de

122 2047 186 2112 eius
202 2047 327 2115 familia
348 2058 381 2114 et
402 2069 439 2113 re
453 2047 604 2113 familiari
623 2046 718 2114 nobis
735 2047 955 2134 quaerendum
972 2055 1030 2114 est
1051 2045 1167 2135 quibus

122 2161 159 2230 du
177 2163 273 2232 rebus
289 2187 379 2254 quae
401 2165 443 2230 sd
455 2164 586 2230 modum
601 2185 706 2252 pauca
726 2163 768 2230 ad
793 2184 852 2230 nos
867 2175 1086 2253 peruenerunt
1099 2165 1167 2231 fere

121 2283 222 2348 omnia
241 2283 306 2349 soli
322 2281 452 2350 Catullo
473 2281 535 2369 ipsi
551 2281 712 2348 debemus
755 2292 881 2371 patrem
902 2282 1031 2370 quidem
1046 2281 1167 2349 Catulli

122 2393 294 2465 Suetonius
318 2400 352 2464 in
366 2397 449 2465 Iulio
464 2397 505 2463 73
519 2407 631 2464 namet
654 2397 813 2487 hospitem
830 2399 872 2466 G.
889 2397 1039 2467 Caesaris
1059 2399 1167 2483 fuisse,

121 2515 172 2600 qui
201 2517 355 2603 quamuis
383 2511 553 2582 aGatullo
581 2513 646 2580 filio
679 2515 922 2603 epigrammatis
953 2514 1168 2581 acerbissimis

120 2634 297 2718 proscissus
326 2642 426 2716 esset,
458 2641 569 2699 umen
599 2628 719 2698 catulli
746 2631 848 2720 patris
866 2632 1006 2721 hospitio
1028 2631 1076 2698 uti
1097 2653 1167 2719 per·

121 2759 291 2815 seueraret.
335 2769 401 2836 quo
429 2769 470 2814 ex
498 2748 570 2813 loeo
598 2745 798 2815 Suetoniano
828 2770 892 2814 non
922 2747 1168 2838 inprobabiliter

121 2865 263 2931 eonieere
292 2863 369 2931 lieet
397 2873 523 2952 patrem
551 2864 680 2932 Oatrullo
703 2865 906 2953 superstitem
928 2866 1035 2933 fuisse.
1079 2866 1167 2955 quod

120 2981 181 3048 iam
215 2979 356 3050 Carolus
388 2981 574 3048 Friderieus
605 2981 812 3048 Hermannus
844 2983 899 3066 (ad
928 2983 1167 3070 Hieronymum

121 3119 151 3186 p.
175 3101 227 3185 10)
249 3099 420 3166 contendit
440 3100 569 3189 quidem
591 3109 696 3184 reete,
725 3099 819 3166 malis
838 3110 947 3166 tamen
968 3101 1167 3188 argumentis

121 3235 203 3282 usus.
245 3219 275 3284 ia
308 3215 393 3284 enim
421 3216 596 3286 arbitratus
625 3217 789 3285 Catullum
818 3228 893 3305 post
920 3217 1015 3283 ciuile
1036 3217 1166 3284 demum

121 3329 237 3398 beilum
272 3355 346 3400 eum
375 3333 515 3400 Caesare
546 3334 580 3398 in
612 3334 750 3420 gratiam
777 3331 911 3400 rediisse
937 3344 970 3400 et
996 3357 1074 3401 mox
1100 3357 1164 3402 uno

121 3447 285 3517 duobusne
325 3449 418 3517 annis
456 3462 530 3539 post
572 3461 735 3518 mortuum
773 3473 844 3518 esse
856 3501 864 3532 ,
904 3473 968 3518 non
1008 3450 1167 3518 dubitauit

121 3565 195 3652 quin
216 3578 313 3655 pater
319 3616 329 3651 ‚
361 3569 453 3634 euius
473 3567 614 3656 hospitio
636 3567 684 3634 uti
705 3568 890 3656 postillam
912 3567 1035 3656 gratiae
1057 3589 1167 3635 reoon·

121 3681 315 3752 oilistionem
342 3684 464 3752 Caesar
494 3695 797 3772 perseueraret,
827 3686 895 3753 uita
917 3686 1018 3753 filium
1039 3707 1167 3774 supera·

121 3800 226 3868 uisset.
270 3803 303 3869 in
326 3802 377 3868 his
399 3823 483 3889 quae
504 3802 546 3868 ad
562 3813 743 3890 temporum
764 3804 906 3870 rationes
928 3813 1075 3892 spectant
1089 3801 1169 3868 iales
1197 3876 1203 3887 ι

121 3937 187 3985 usse
210 3917 320 3986 omnia
334 3919 369 3983 iu
383 3919 489 4007 eapite
503 3941 523 3986 n
538 3920 757 3986 demonstrare
774 3921 954 3988 studuimus
968 3919 1168 4009 argumentis

947 4022 969 4084 4
