2970 4484
323 351 372 403 184
521 343 599 400 vml
631 345 680 400 DE
697 345 856 400 CAESARE
874 345 921 398 ΕΤ
938 345 1170 400 crescamus

318 513 458 582 Lesbiae
479 513 623 581 insidiari
644 511 865 601 conperisset,
897 511 1085 580 criminibus
1112 512 1217 580 omnis
1238 513 1376 600 generis

318 641 352 699 ct
372 631 573 720 grauissimis
595 639 627 697 et
649 629 843 718 turpissimis
863 653 884 696 a
904 629 1040 718 perfidia
1061 629 1116 697 illa
1128 630 1207 696 item
1227 628 1378 694 maxime

318 747 431 818 alienis
463 750 495 814 in
517 758 641 836 septem
663 745 859 812 carminibus
880 745 997 814 obruit.
1039 745 1186 812 similiter
1213 745 1375 833 Egnatio,

320 887 415 955 quem
447 887 514 932 rem
552 885 626 930 cnm
662 863 781 930 Lesbia
815 862 936 931 habere
969 862 1110 946 sciebat,
1150 861 1184 928 iu
1225 863 1376 928 carmine

319 1005 454 1050 xxxvnn
476 982 518 1047 ab
540 1002 651 1047 amore
664 981 762 1069 plane
785 979 937 1046 distentia
957 977 1178 1066 exprobrauit
1221 977 1375 1044 similiter

320 1100 473 1166 Ametina
483 1099 592 1187 puella
604 1121 677 1164 cnm
688 1096 826 1186 pretium
840 1095 1126 1186 corporisnimium
1137 1095 1374 1177 constituisset,

319 1225 415 1304 poeta
446 1237 503 1304 spe
535 1215 687 1302 deceptus
718 1213 858 1301 indeque
885 1213 985 1280 iratus
1011 1211 1154 1302 puellam
1184 1235 1204 1279 a
1231 1233 1268 1278 se
1295 1211 1373 1299 ipso

317 1330 412 1397 modo
443 1331 620 1420 expetitam
647 1341 683 1397 ut
711 1331 798 1396 omni
825 1329 1043 1419 pulcritudine
1070 1339 1104 1396 et
1124 1339 1296 1398 uenustste
1318 1353 1374 1397 ca·

317 1457 440 1516 rentem
462 1446 618 1536 depinxit
661 1447 800 1535 denique
827 1447 1007 1513 carminum
1033 1447 1067 1513 in
1089 1446 1225 1514 Furium
1246 1459 1281 1515 et
1300 1451 1373 1515 Au·

317 1564 433 1631 relium
454 1563 759 1630 contumelicscrum
780 1585 893 1631 caussa
913 1562 976 1630 fuit
995 1563 1064 1628 fere
1086 1563 1208 1632 cadem.

401 1682 493 1748 Haec
514 1682 710 1748 carminibus
732 1683 765 1747 in
787 1680 959 1749 Caesarem
980 1691 1013 1748 et
1033 1679 1245 1748 Caesarianos
1268 1681 1372 1770 expli·

320 1795 431 1864 candis
459 1797 695 1886 praemittenda
726 1819 764 1864 ea
795 1797 836 1864 ds
864 1775 979 1864 caussa
1007 1797 1158 1864 duximus
1188 1799 1265 1887 quic
1286 1799 1371 1865 haec

318 1915 518 2004 potissimum
549 1917 693 1982 carmina
725 1915 800 1982 odie
831 1936 909 1981 sane
937 1914 1146 2002 inexpiabilis
1173 1925 1205 1980 ct
1234 1914 1276 1980 ab
1305 1914 1370 1982 illia

320 2053 404 2121 quae
432 2033 466 2098 in
495 2033 621 2120 puellae
650 2042 683 2098 et
709 2032 830 2100 amicos
858 2031 1005 2098 infideles
1032 2041 1129 2098 antes
1156 2031 1271 2098 effudit
1297 2041 1369 2100 toto
1468 2109 1469 2112 Ἴ

318 2159 355 2216 nt
376 2149 467 2215 aiunt
487 2147 577 2214 caelo
592 2147 721 2216 diuersa
736 2150 1096 2237 spirentactestsntur.
1140 2147 1306 2216 Catullum
1326 2171 1369 2215 ex
1468 2147 1469 2152 ’

318 2265 475 2355 Bithynia
496 2289 573 2332 uere
594 2267 671 2332 anni
685 2267 802 2346 698156
815 2289 980 2333 reuersum
995 2267 1122 2333 lusunm
1136 2266 1368 2334 maturiorum
1466 2301 1468 2310 ι

317 2405 420 2471 paene
441 2393 625 2472 pertaesum
647 2393 706 2451 est.
759 2385 819 2451 etsi
840 2384 982 2451 lucentii
1003 2405 1111 2450 amore
1132 2390 1206 2470 post
1226 2382 1369 2450 reditum
1467 2395 1468 2400 ’

286 2500 409 2589 'illum
449 2499 624 2589 paullisper
659 2499 841 2587 flagrabat,
875 2511 984 2568 tamen
1021 2500 1073 2566 hic
1112 2522 1202 2565 amor
1244 2510 1369 2588 quanto

319 2639 417 2707 opere
445 2619 486 2683 ab
507 2617 569 2683 illis
590 2615 730 2684 Lesbiae
750 2617 912 2685 amoribus
938 2616 1081 2707 pristinis
1108 2617 1260 2686 distabat.
1303 2617 1371 2683 iam

319 2757 383 2800 uon
410 2745 447 2801 ut
474 2735 655 2822 praeteritis
683 2735 746 2800 illis
774 2735 973 2824 temporibus
1002 2755 1092 2802 amor
1117 2743 1188 2802 erat
1207 2734 1249 2802 ad
1269 2757 1371 2822 quem

319 2850 427 2917 omnia
448 2851 555 2918 studia
575 2861 672 2940 poeta
692 2851 844 2935 referret,
866 2875 956 2918 amor
977 2853 1064 2919 unde
1084 2851 1205 2940 gaudia
1226 2853 1371 2918 maxima

318 2967 380 3034 sibi
410 2978 598 3051 orerentur,
626 2991 721 3066 ¹amor
753 2969 843 3035 cuius
877 2991 990 3035 caussa
1025 2969 1152 3035 dolores
1182 2969 1369 3036 innumera-

317 3083 398 3152 biles
425 3069 580 3152 tclirsret
605 3095 703 3174 atque
733 3085 807 3152 odia
837 3087 952 3174 grauia
983 3085 1165 3174 conciperet
1202 3097 1235 3153 et
1266 3085 1369 3152 effun-

317 3201 417 3268 deret.
460 3201 563 3268 omnis
586 3202 705 3270 Catulli
734 3201 820 3268 uitae
850 3213 882 3269 et
903 3201 1083 3269 studiorum
1103 3201 1185 3268 ratic
1208 3224 1369 3270 conuersa

318 3327 351 3384 et
371 3317 529 3385 inmutata
550 3319 621 3385 luit.
664 3319 696 3384 in
725 3319 831 3384 locum
862 3317 999 3402 amon's,
1031 3318 1118 3385 unde
1149 3319 1224 3385 clim
1257 3319 1368 3386 omnia

317 3457 401 3524 qnae
422 3447 537 3524 poetae
559 3436 650 3546 cordi
678 3445 771 3502 crant
792 3437 1031 3524 dependebant,
1063 3435 1127 3502 iam
1155 3435 1263 3502 odium
1295 3459 1367 3503 suc·
1464 3427 1465 3493 l

318 3561 478 3635 cesserat,
511 3551 597 3640 qnod
627 3553 696 3618 eius
723 3553 885 3634 animum,
917 3573 991 3618 cum
1019 3575 1039 3618 a
1069 3552 1215 3640 plurimis
1246 3553 1365 3641 quibus

315 3669 456 3736 maxime
478 3669 616 3736 confisus
644 3680 722 3754 erat,
751 3692 772 3735 s
795 3671 924 3754 Lesbia,
952 3666 1088 3738 ‘tantum
1118 3670 1159 3735 ab
1188 3691 1227 3736 ec
1255 3679 1364 3738 amate

317 3795 474 3873 qnantum
504 3785 593 3851 nulla
623 3795 737 3873 postea
767 3779 944 3870 amabitur',
983 3788 1024 3853 ab
1056 3787 1208 3854 Anfilcna
1237 3787 1279 3854 cb
1306 3789 1363 3854 Al-
1463 3777 1464 3804 ³

313 3903 390 3970 t'eno
423 3923 443 3968 a
474 3899 649 3970 Cornificio
680 3903 725 3991 (u
753 3928 786 3993 p.
807 3905 864 3990 45)
893 3903 1041 3972 aGellio
1069 3902 1181 3973 Caelio
1209 3903 1362 3971 Memmio
