3002 4490
263 365 313 416 nu
464 361 516 414 xu
549 363 597 416 un
617 339 724 416 cmm
740 361 942 416 uomuusuo
958 363 1112 419 unnvsm

341 529 492 617 Denique
506 528 548 594 ad
562 527 732 595 distichum
750 527 896 615 quintum
910 528 1144 596 inlustrandum
1157 531 1308 597 uenimus

258 647 307 711 ita
327 645 396 711 fura
417 645 451 710 iu
471 644 560 711 libris
583 646 758 733 scriptum:

404 843 507 908 parua
525 826 585 886 mei
603 820 680 886 miti
698 825 757 886 siout
776 822 865 887 cordi
882 832 1069 886 monumenta
1090 869 1098 884 .
1121 869 1129 886 .
1152 869 1159 888 .
1183 869 1190 886 .

348 1004 354 1014 ,
457 950 490 1001 at
508 939 645 1023 populus
668 936 786 1002 tumido
805 935 942 1022 candeat
962 937 1153 1002 Antimacho.

248 1114 301 1195 ¹dc
324 1113 440 1202 quibus
460 1109 625 1178 uersiculis
641 1110 716 1176 olim
731 1109 854 1178 Statius
870 1109 952 1176 hacc
970 1109 1118 1198 scripsit:
1138 1111 1215 1198 quoio
1233 1132 1306 1176 uero

255 1233 309 1296 hoc
319 1230 410 1296 claud
422 1231 463 1294 sit
472 1230 664 1314 epiqramma
674 1241 813 1314 autpcrs
818 1228 923 1314 potius
935 1231 1162 1314 epiorommatis
1171 1251 1207 1294 na
1218 1225 1306 1294 dudi·

254 1348 382 1410 tandum
403 1345 526 1431 quidem
546 1342 680 1410 us'datur.
720 1364 756 1408 ra
776 1365 854 1410 uera
874 1353 989 1431 postca
1008 1344 1071 1409 hoc
1092 1342 1263 1409 distichum
1283 1367 1304 1414 a

254 1460 396 1527 carmina
417 1481 555 1527 Lxxxxv
583 1470 620 1526 ut
647 1460 846 1547 epigramma
866 1482 924 1548 par
944 1483 979 1526 ss
1007 1461 1190 1526 absolutum
1218 1471 1303 1526 mast

254 1577 489 1658 Lachmannus,
512 1599 607 1665 quum
629 1577 793 1664 Hauptius
815 1587 945 1644 secutus
965 1585 1023 1655 ast,
1044 1576 1209 1644 disiunxit
1244 1576 1302 1642 ssd

253 1695 286 1760 hi
307 1693 368 1760 uiri
396 1693 483 1761 docti
512 1715 569 1759 cur
596 1693 643 1759 ita
671 1691 924 1760 iudicauerunt?
966 1715 1075 1760 nonna
1103 1715 1155 1760 res
1181 1693 1215 1759 iu
1242 1693 1302 1760 dis

253 1811 339 1876 ticho
367 1809 479 1898 quinto
509 1819 648 1876 tractata
677 1810 799 1898 optimc
827 1833 900 1876 cum
927 1810 973 1877 ais
999 1811 1136 1900 quaein
1158 1810 1302 1878 distichis

255 1937 408 2016 quattuor
439 1927 598 2014 prioribus
627 1937 703 1992 snut
738 1926 916 2016 congruit?
972 1928 1005 1994 id
1038 1927 1108 2017 ipss
1137 1927 1301 2015 Hnuptius

254 2035 428 2124 concessit,
458 2041 513 2129 qui
544 2043 624 2108 hacc
646 2044 785 2131 (quaest.
807 2041 926 2110 Catuli.
948 2067 979 2130 p.
1001 2044 1056 2128 99)
1088 2045 1165 2110 dsooo
1196 2042 1301 2132 inquit
1329 2031 1334 2042 ’

253 2160 420 2226 uersiculos
439 2155 560 2226 ‘Parun
576 2197 611 2208 -
631 2155 821 2226 Antimacho'
841 2161 1061 2228 Lachmannua
1080 2163 1155 2226 scita
1175 2183 1302 2247 sapara-

252 2281 304 2342 uit.
356 2277 453 2342 nihilo
487 2278 592 2344 minua
621 2300 789 2363 pannonum
823 2291 1086 2344 monumentorum
1117 2301 1226 2344 nomon
1260 2279 1304 2343 od

255 2392 375 2460 Gaianae
396 2395 537 2460 carmina
557 2397 747 2471 referendum
769 2418 832 2460 ossa
856 2397 961 2470 orado,
992 2395 1026 2460 so'
1050 2405 1130 2460 reon
1151 2395 1302 2479 Hierony-

253 2533 322 2577 mus
353 2511 510 2577 Amantius
538 2516 635 2597 priori
666 2512 820 2578 umaiculo
853 2511 980 2578 addidit
1008 2505 1155 2578 ‘sodada
1210 2523 1302 2597 atqua

253 2627 391 2694 sodalem
423 2649 510 2692 summ
540 2626 676 2694 Catullus
705 2629 832 2694 Gnncm
861 2629 995 2715 adpaIIat
1017 2652 1040 2694 x
1060 2629 1111 2695 29.
1154 2627 1300 2716 profacto

253 2766 457 2832 naquaquam
487 2743 626 2810 dubitari
646 2753 752 2831 potest
771 2745 850 2832 quin
872 2744 1044 2811 distichum
1065 2743 1144 2810 illud
1167 2742 1301 2812 ad'Oiu-

251 2883 327 2926 uam
349 2860 569 2949 spectaueritz
597 2860 686 2926 cuius
719 2861 896 2930 sententiaa
924 2871 1151 2950 argumentum
1178 2862 1301 2948 grauis-

254 2978 368 3044 simum
389 2979 423 3046 in
437 2989 718 3046 monumentorum
740 3001 960 3066 paruarum
982 2989 1016 3044 ct
1036 2977 1187 3046 tumidi
1207 2977 1301 3044 Anti·

252 3096 357 3162 machi
372 3095 572 3184 oppositione
587 3093 778 3162 inuanimus.
820 3105 992 3184 utrumque
1010 3094 1095 3163 anim
1114 3117 1233 3162 noman
1247 3093 1300 3162 ad·

252 3209 406 3278 iactiuum
420 3209 461 3278 da
478 3210 601 3277 ambitu
615 3211 792 3278 carminum
809 3211 1062 3299 intellegendum
1078 3221 1128 3278 cst
1141 3235 1148 3276 :
1163 3211 1196 3278 id
1212 3210 1300 3300 quod

252 3327 294 3394 dc
309 3326 431 3396 Cinnas
452 3349 554 3416 paruo
576 3327 684 3394 libello
701 3328 861 3416 Zmyrnae
882 3329 1009 3396 facilius
1031 3329 1182 3418 adparuit
1202 3351 1301 3418 quam

253 3445 351 3512 stiam
372 3443 558 3512 Antimachi
579 3444 722 3512 carmina
741 3445 775 3511 in
796 3445 906 3532 primis
925 3446 1142 3531 Thebaidem,
1161 3469 1300 3536 quacum

253 3561 339 3629 aliud
358 3584 489 3628 carmon
510 3563 647 3652 epicum,
669 3562 801 3630 annales
826 3563 960 3629 Tanusii
981 3564 1044 3629 hoc
1066 3585 1164 3630 ucrsu
1185 3585 1301 3651 coupa-

253 3689 375 3760 rantur‚
390 3689 522 3766 propter
537 3678 792 3766 magnitudinem
807 3692 841 3748 st
855 3679 1089 3768 longitudinem
1105 3680 1300 3748 inmodicam

253 3805 287 3862 st
317 3795 486 3862 molestam
520 3795 619 3862 totius
654 3796 857 3885 antiquitatis
892 3819 1051 3864 consensu
1083 3799 1300 3885 uituperatam

253 3912 307 3998 (cf.
331 3910 397 3980 Cic
420 3911 514 3982 Brut.
535 3913 575 3980 51
600 3913 657 3979 191
679 3911 760 3980 Hor.
780 3937 810 3982 a.
825 3937 857 4002 p.
874 3893 934 3982 146
956 3937 1031 3984 cum
1052 3915 1299 3984 scholiastarum
