2920 4492
257 346 272 394 t
655 342 866 404 ,Puooumvu

257 531 335 574 uero
365 509 417 574 uel
440 509 640 576 doctissimos
662 510 734 575 illos
756 509 918 586 homines,
945 509 1061 596 quibua
1082 468 1303 596 interpretslio

257 624 377 692 Catulli
399 624 571 712 plurimum
594 626 699 708 debet,
721 647 785 690 non
808 625 880 713 plus
902 625 1046 690 effecisse
1059 649 1155 715 quam
1174 636 1210 690 ut
1225 627 1302 690 mul·

257 741 298 806 tis
319 744 415 809 rebus
437 743 574 828 singulis
595 743 676 806 bene
696 741 834 807 inuentis
851 741 1081 807 commentario
1096 741 1190 829 pleno
1213 764 1302 828 pree

255 859 412 942 luderent,
436 859 613 924 concedere
635 882 699 925 non
721 859 883 924 dubitabit
903 860 957 946 qui
980 860 1019 924 ad
1042 859 1148 924 officio
1166 881 1302 946 eaquae

255 976 349 1041 bodie
371 976 603 1063 interpretandi
626 987 696 1042 arte
718 987 828 1043 nostro
849 976 1048 1064 potissimum
1070 977 1197 1042 saeculo
1218 978 1301 1041 uiro·

255 1115 326 1158 rum
349 1093 556 1178 egregiorum
574 1091 697 1157 'studiis
720 1092 838 1158 eximie
859 1093 989 1158 exculto
1010 1094 1051 1158 ab
1073 1093 1303 1181 interpretibus

255 1208 448 1298 praestanda
469 1209 707 1295 efflagitantes,
735 1209 877 1276 animum
899 1211 1070 1276 aduertere
1091 1221 1124 1274 et
1144 1231 1302 1274 commen·

243 1309 352 1392 'turios
374 1348 429 1391 eos
450 1327 568 1413 quibus
589 1326 659 1391 aliis
681 1327 873 1415 quibusdam
896 1329 998 1415 poetis
1017 1327 1139 1392 Latinis
1162 1337 1249 1392 recte
1270 1338 1303 1391 et

256 1442 349 1531 plane
369 1442 595 1528 intellegendis
617 1443 783 1531 praeclare
804 1444 971 1531 prouisum
994 1454 1059 1526 est,
1086 1444 1248 1530 respicere
1270 1453 1303 1508 et

255 1583 431 1647 conparare
443 1560 591 1626 uoluerit.
635 1561 720 1626 unde
740 1573 861 1647 quante
876 1561 941 1627 sint
963 1562 1080 1648 quibus
1102 1582 1201 1647 segre
1216 1581 1302 1624 cara-

255 1699 326 1742 mus
341 1677 380 1742 ad
397 1675 561 1744 Catullum
575 1687 677 1742 toturn
695 1675 946 1764 intellegendum
963 1700 1021 1743 sua
1036 1677 1172 1763 quisque
1187 1684 1302 1763 sponte

255 1794 502 1881 conprehendet.
555 1817 650 1878 quam
681 1795 722 1858 ob
751 1815 820 1858 rem
851 1815 916 1881 quo
947 1793 1153 1881 periculosius
1182 1803 1231 1857 est
1260 1792 1309 1858 ad·

254 1909 374 1978 Catulli
393 1911 692 1998 interpretationem
715 1911 871 1996 adgredi,
906 1933 944 1978 eo
974 1909 1100 1978 enidius
1130 1931 1191 1997 ogo
1203 1957 1212 1992 ,
1246 1912 1328 1997 qui*

254 2029 366 2094 duram
388 2027 471 2094 banc
492 2029 692 2114 prouinciam
714 2027 817 2114 magis
836 2038 968 2115 propter
983 2037 1123 2092 ueterem
1140 2027 1300 2114 quendem

254 2155 369 2233 postas
393 2143 589 2211 Veronensis
619 2167 759 2210 amorem
783 2167 880 2232 quam
902 2145 1024 2210 uiribus
1047 2143 1204 2210 subtiliter
1225 2167 1303 2230 pon·

255 2261 376 2328 deustis
391 2263 423 2326 in
438 2283 489 2326 me
504 2263 642 2351 suscepi,
664 2283 768 2328 meam
788 2262 1054 2349 qualemcumque
1068 2282 1199 2348 operam
1216 2259 1302 2326 beni·

255 2379 417 2445 uolentiae
450 2379 708 2466 intellegentium
739 2379 879 2446 iudicum
912 2377 1199 2446 commendandam
1231 2401 1302 2444 esse

255 2494 360 2578 uideo,
382 2517 463 2582 quos
483 2507 617 2582 rogatos
647 2497 722 2562 uolo
753 2507 788 2562 ut
815 2517 886 2562 cum
917 2496 1012 2562 uenia
1044 2496 1165 2582 legant.
1209 2496 1303 2560 simul

255 2634 333 2678 uero
365 2613 603 2700 disquisitiones
632 2613 754 2698 aliquot
784 2611 911 2698 singulo
939 2611 1099 2700 quaedam
1121 2609 1303 2678 Catulliana

253 2730 463 2794 inlustrantes
484 2729 625 2796 maximo
649 2750 746 2815 opere
765 2727 897 2795 laudare
911 2739 1006 2814 grato
1022 2727 1129 2794 animo
1144 2727 1302 2810 iubemur,

253 2845 371 2932 quibus
404 2845 596 2933 exemplaris
628 2846 731 2912 instar
760 2855 870 2911 nostra
899 2847 1055 2910 memoria
1085 2843 1301 2932 significatum

254 2975 304 3030 est
335 2985 474 3051 quonam
506 2962 559 3028 uis
591 2961 631 3027 de
658 2961 787 3030 Catullo
819 2961 1061 3048 interpretando
1093 2960 1188 3028 hodie
1219 2961 1303 3028 bane

254 3079 416 3146 merituris
445 3081 586 3148 eundum
614 3081 686 3145 sit:
713 3079 798 3146 iuter
832 3101 913 3167 quas
941 3099 980 3144 ea
1011 3102 1095 3167 quae
1127 3077 1303 3146 Mauricius

255 3195 418 3283 Hauptius
440 3207 472 3263 et
494 3197 528 3262 in
549 3195 793 3283 quaestionibus
815 3193 1009 3262 Catullianis
1037 3205 1070 3262 st
1096 3196 1129 3262 in
1154 3197 1303 3262 obserua-

254 3313 396 3379 tionibus
411 3313 540 3396 criticis,
562 3333 698 3400 quarum
718 3313 836 3378 alteros
853 3335 938 3378 anno
953 3337 1163 3380 uneeomvu
1186 3311 1303 3380 alteras

253 3451 339 3496 anuo
353 3455 551 3498 nmoooxxxxr
566 3429 673 3510 edidit
684 3429 724 3496 ad
737 3428 899 3500 Ostullum
919 3429 1142 3517 explicandum
1157 3429 1304 3514 contulit,

253 3567 316 3612 nou
330 3547 443 3614 dubito
455 3547 532 3633 quin
544 3547 679 3634 primurn
695 3547 789 3615 facile
801 3545 861 3614 sibi
872 3547 1036 3615 uindicent
1046 3539 1162 3613 locum.
1184 3547 1240 3635 qui
1253 3547 1304 3613 uir

255 3664 406 3751 egregius
422 3664 507 3752 quod
519 3664 646 3742 librum,
664 3687 729 3750 quo
744 3665 786 3728 de
801 3664 867 3730 uita
882 3675 913 3728 et
930 3663 1124 3730 carminibus
1135 3663 1254 3730 Getulli
1268 3686 1303 3730 se

255 3781 474 3868 expositurum
490 3803 561 3846 esse
572 3781 688 3846 abhinc
703 3781 818 3868 uiginti
834 3805 935 3846 annos
946 3781 1208 3848 obseruationum
1220 3781 1303 3847 criti·

255 3919 363 3962 carum
379 3919 409 3984 p.
421 3898 462 3962 24
476 3895 684 3980 induruerat,
696 3898 837 3964 nondum
850 3897 947 3967 edere
958 3898 1165 3965 noluitnemo
1180 3919 1231 3962 me
1241 3899 1303 3986 sin-
