2970 4484
270 344 319 392 222
470 337 546 390 vm!
579 339 627 390 DE
645 337 804 390 CAESARE
821 338 867 388 ΕΤ
884 337 1115 392 centimanus

270 515 301 572 et
337 505 500 593 Hauptius
533 515 607 592 post
639 525 768 570 nemum
812 502 941 570 tertium
975 516 1008 571 et
1046 505 1191 590 quintum
1231 505 1317 571 lacu-

267 645 329 688 nae
359 623 453 710 signa
480 631 667 710 posuerunt.
709 623 873 688 Antonius
901 621 1095 688 Parthenius
1122 645 1140 688 e
1168 624 1317 690 uersibus

268 739 318 804 his
349 748 472 827 septem
502 739 565 806 duo
596 739 674 805 fecit
704 739 847 804 carmina
881 739 927 822 (u.
959 740 1052 804 1-3
1082 749 1115 805 et
1143 761 1173 804 u.
1195 739 1316 826 4-7),

268 877 404 942 quorum
436 865 609 944 utrumque
637 856 784 921 mutilum
816 855 869 922 uel
898 855 1086 923 lacunosum
1113 865 1205 922 asset
1246 855 1316 922 iere

268 973 380 1039 eadem
408 995 510 1060 nuper
540 972 722 1039 Pleitnerus
748 972 949 1038 incredibilia
976 973 1108 1060 insuper
1135 972 1315 1040 alucinatus

269 1088 317 1174 (in
348 1089 453 1156 libello
485 1111 582 1177 quem
619 1111 717 1177 supra
753 1089 851 1155 citaci
882 1113 914 1176 p.
946 1089 1000 1173 17)
1032 1099 1066 1155 et
1096 1089 1315 1156 Rossbachius

268 1206 539 1273 coniectacerunt.
580 1228 687 1295 neque
718 1217 827 1272 tamen
859 1205 899 1272 de
931 1207 1072 1272 carmine
1107 1207 1242 1290 mutilo,
1273 1227 1315 1272 ne

267 1324 370 1391 dicam
393 1323 433 1389 de
454 1323 581 1389 duobus
603 1322 808 1405 carminibus,
830 1323 975 1410 cogitare
996 1343 1127 1390 necesse
1147 1323 1313 1407 habemus,

268 1439 442 1506 dummodo
468 1461 509 1505 ne
536 1440 609 1506 ideo
639 1439 727 1528 quod
751 1439 792 1506 ad
819 1462 901 1528 quos
929 1440 1074 1506 homines
1100 1449 1133 1506 et
1159 1463 1240 1529 quas
1260 1463 1312 1506 ras

266 1567 365 1646 pocta
375 1557 407 1624 in
419 1558 480 1623 hcc
491 1557 631 1623 carmine
642 1557 1026 1644 respexeritignoramus,
1038 1557 1207 1646 superbius
1217 1579 1312 1645 nege

267 1697 338 1740 mus
359 1695 473 1740 uersus
485 1673 556 1739 illos
574 1672 730 1760 coniungi
752 1684 785 1738 et
801 1673 946 1760 intellegi
960 1696 1066 1761 posse.
1101 1674 1312 1763 nequeenim

266 1791 365 1858 ullum
393 1790 566 1878 uestigium
598 1792 632 1857 in
662 1789 753 1857 libris
778 1812 875 1856 manu
903 1791 1032 1878 scriptis
1058 1800 1107 1857 cst
1135 1812 1200 1879 quo
1229 1791 1312 1858 ratio

265 1907 394 1975 illorum
407 1909 551 1974 uirorum
566 1909 733 1974 doctorum
752 1907 950 1974 defendatur.
988 1931 1063 1974 nem
1084 1917 1310 1994 argumentum

266 2047 331 2112 quo
353 2026 500 2092 lacunam
521 2035 595 2113 post
608 2046 737 2090 uersum
752 2025 891 2112 primum
906 2023 1077 2091 indicatam
1093 2023 1310 2091 Rossbachius

264 2140 408 2207 defendit
433 2141 489 2228 (ad
517 2163 630 2208 uersus
657 2141 743 2206 enim
764 2160 787 2206 n
810 2141 848 2204 16
870 2151 902 2206 et
925 2141 962 2204 li
991 2140 1137 2208 inlibris
1159 2141 1309 2207 omnibus

264 2267 336 2345 post
356 2277 421 2322 anu
447 2261 462 2322 l
484 2257 566 2323 falso
582 2259 714 2323 iteratos
729 2256 932 2346 prouocauit)
951 2256 1044 2322 futile
1066 2268 1116 2325 est
1138 2259 1199 2324 :id
1221 2257 1308 2348 quod

263 2372 290 2440 is
313 2373 367 2461 qui
387 2397 519 2441 caussas
538 2373 632 2440 buius
654 2373 852 2461 repetitionis
883 2385 915 2438 et
940 2373 1058 2440 similia
1082 2373 1232 2463 exempla
1252 2374 1308 2457 (cf.

264 2510 362 2556 axvnr
386 2491 425 2556 16
452 2501 526 2579 post
552 2490 695 2558 eiusdem
723 2491 873 2556 carminis
893 2513 925 2556 u.
947 2491 989 2556 49
1009 2500 1042 2556 at
1062 2510 1153 2556 nxvu
1173 2491 1210 2556 21
1236 2499 1309 2579 post

263 2627 354 2672 uxnn
374 2607 436 2672 386
456 2607 540 2674 falso
561 2609 697 2674 insertos
719 2617 751 2674 at
773 2608 910 2696 Hauptii
928 2617 1053 2696 quaest.
1070 2605 1188 2674 Camil.
1204 2631 1236 2694 p.
1251 2607 1305 2690 43)

263 2725 479 2792 considerauit
505 2725 598 2792 facile
626 2727 790 2792 concedet.
839 2747 943 2812 neque
970 2746 1008 2789 eo
1043 2725 1129 2812 quod
1156 2724 1189 2790 in
1217 2724 1307 2790 libris

263 2841 452 2908 Catullianis
473 2845 626 2930 postumi
640 2845 662 2910 ὃ
683 2843 889 2910 interstitium
905 2852 963 2925 est,
985 2864 1050 2929 qua
1065 2864 1100 2906 re
1115 2841 1307 2907 Parthenius

261 2958 295 3024 in
317 2959 475 3026 sententia
504 2981 563 3024 sue
583 2957 785 3026 defendenda
806 2982 883 3026 usus
913 2968 976 3043 est,
1008 2959 1124 3026 diuisic
1156 2980 1307 3025 uersuum

262 3075 404 3162 priorum
437 3086 468 3142 ct
498 3075 713 3164 posteriorum
744 3077 985 3143 commendatur
1006 3102 1013 3143 :
1034 3100 1108 3143 nam
1138 3075 1307 3142 interstitia

263 3193 446 3280 saepissime
467 3193 500 3259 in
522 3193 611 3259 libris
634 3193 754 3260 Catulli
774 3194 852 3260 locis
874 3193 1076 3261 alienissimis
1097 3203 1189 3277 sunt,
1210 3215 1307 3281 quam

261 3331 330 3376 rem
357 3333 421 3377 uno
450 3311 613 3378 luculento
635 3312 784 3399 exemplo
805 3311 975 3378 inlustrare
1000 3310 1120 3378 lubet:
1148 3313 1189 3378 ab
1216 3310 1306 3377 initio

261 3429 347 3493 enim
376 3427 523 3494 carminis
553 3449 597 3494 uo
627 3449 729 3517 usque
761 3427 801 3494 ad
830 3426 927 3494 linem
956 3427 1105 3494 carminis
1129 3447 1174 3492 nv
1196 3447 1307 3494 uersus

262 3567 371 3611 omnes
398 3546 524 3612 duobus
551 3555 676 3612 tantum
702 3545 881 3611 interstitiis
902 3545 987 3610 inter
1007 3567 1042 3610 se
1063 3545 1203 3632 separati
1224 3555 1306 3626 eunt,

261 3684 398 3751 quorum
420 3664 556 3728 alterum
577 3671 651 3749 post
672 3682 727 3727 nm
747 3663 769 3726 4
789 3661 926 3728 alterum
946 3672 1020 3749 post
1041 3681 1107 3728 non
1128 3663 1150 3729 5
1171 3672 1270 3728 extat

343 3779 424 3846 Cum
442 3779 609 3866 Scaligero
630 3779 730 3867 igitur
751 3779 870 3868 Vulpic
892 3780 1071 3866 Doeringio
1094 3779 1306 3860 Froeblichio,

260 3907 402 3963 ceterum
423 3896 457 3963 in
480 3898 620 3962 carmine
641 3899 701 3964 hoc
723 3897 922 3965 emendando
936 3896 1089 3985 nugatori
1101 3895 1306 3979 intolerabili,
