2950 4480
273 264 317 354 24
689 279 884 351 uuus-14

337 487 434 535 ornus
455 467 618 552 pontienli
639 465 749 534 suuis
770 466 890 532 stsntie
916 466 952 532 in
975 465 1147 546 rediuiuis

339 607 381 652 ne
404 587 543 672 supinus
565 594 618 652 est
639 605 785 668 osusque
806 585 842 649 in
869 583 990 670 palude
1012 585 1196 662 recumbat,

295 707 316 770 5
338 705 385 772 sio
406 705 467 771 tibi
490 704 595 770 bonus
617 723 659 770 ex
679 709 739 768 tus
758 723 841 786 pons
864 702 1001 769 libidine
1022 704 1091 778 fist,

339 826 375 890 iu
397 845 463 907 quo
484 823 539 890 uel
562 821 772 888 Salisubsilis
794 842 888 888 suern
906 822 1144 908 suscipiantur:

339 964 463 1009 munus
485 942 547 1008 hoo
568 940 652 1006 mihi
673 940 813 1006 maximi
836 939 887 1018 du,
914 939 1061 1020 Colonia,
1084 942 1180 1007 risus.

339 1061 505 1145 quendum
526 1060 727 1146 muniuipem
748 1080 859 1124 meum
885 1059 926 1125 de
948 1067 1005 1126 tuo
1026 1061 1103 1127 uolo
1124 1070 1225 1146 ponte

339 1183 388 1248 ire
409 1179 624 1264 praeeipitem
645 1179 681 1244 in
709 1179 816 1245 lutum
838 1200 897 1263 per
918 1191 1081 1264 eaputque
1103 1178 1280 1264 pedesque,

278 1300 319 1366 10
341 1319 459 1366 uerum
481 1299 584 1364 totius
607 1305 645 1362 ut
665 1298 757 1364 lsous
778 1298 975 1382 putidaeque
996 1297 1129 1382 paludis

339 1417 541 1485 liuidissimu
562 1417 771 1500 maximeque
793 1424 844 1484 est
865 1416 1029 1502 profunda
1050 1437 1180 1502 uorago.

339 1538 583 1606 insulsissimus
604 1545 655 1601 est
677 1535 784 1613 homo,
808 1555 868 1601 neo
889 1537 976 1620 sapit
996 1537 1091 1622 pueri
1113 1537 1220 1602 instur

339 1658 460 1725 bimuli
481 1656 624 1723 tremula
645 1656 749 1742 putris
771 1654 965 1721 dormientis
986 1657 1023 1721 in
1044 1655 1134 1722 ulnu

340 1779 417 1863 quoi
438 1797 514 1843 oum
536 1777 581 1842 sit
601 1775 805 1842 nitidissimo
827 1783 931 1860 nupta
952 1777 1033 1842 flore
1053 1775 1166 1859 puella

275 2049 292 2102 3
316 2065 345 2100 so
368 2048 443 2099 uulsis
461 2048 536 2100 tantis
563 2056 576 2104 ΙΙ
605 2047 622 2098 6
644 2047 690 2100 osli
708 2047 797 2102 subsili
830 2059 842 2106 ΙΙ
875 2049 1013 2117 suseipisut
1036 2059 1049 2106 ΙΙ
1087 2049 1119 2100 10
1140 2049 1298 2118 pudicaeque

277 2133 382 2201 paludes
406 2141 418 2190 ΙΙ
447 2132 477 2185 tt
494 2131 542 2186 Cui
559 2133 639 2184 losum
656 2134 689 2184 sit
711 2141 724 2190 u

277 2283 323 2352 (qs.
343 2283 465 2351 Sillt'qt'um
483 2301 543 2334 osus.
563 2283 634 2350 2⁸9)
737 2287 754 2336 3
775 2285 855 2337 sxulis
873 2287 961 2337 suauis
980 2283 1115 2337 FHaudius
1138 2304 1178 2352 qu.
1202 2295 1247 2336 cat
1265 2287 1297 2335 5:

276 2370 368 2424 usulis
380 2371 419 2438 (=
432 2369 556 2436 sssioulis)
570 2371 660 2422 atsutia
680 2369 778 2421 Vossius
796 2371 886 2422 assulis
904 2379 989 2422 tuntas
1001 2369 1096 2422 Statius
1109 2371 1198 2422 sssulis
1210 2369 1298 2420 stantis

276 2455 323 2508 Lm
405 2455 557 2508 irredininns
577 2447 620 2534 βω
722 2453 910 2507 usaltmbstlis
929 2453 1024 2506 Statius
1046 2455 1297 2520 (unisonantiam

277 2542 324 2594 mli
346 2541 436 2594 subtili
467 2539 493 2592 V
509 2541 650 2594 Salisubsili
673 2539 718 2590 Lm
740 2539 891 2592 Salisubsili
913 2539 1032 2606 Baptista
1058 2539 1192 2602 Guarinus,
1219 2539 1298 2607 (wius

270 2626 343 2692 filius
360 2625 500 2678 Amatur
517 2627 542 2678 iu
558 2626 728 2692 expositionum
735 2624 785 2690 sol.
799 2623 832 2674 X
836 2624 897 2678 Vllb
927 2626 986 2676 iaso
1003 2625 1140 2678 adnotaait:
1160 2643 1216 2678 oum
1237 2642 1296 2676 usr-

277 2727 322 2762 sus
339 2711 387 2762 ists
405 2718 522 2777 sumpts
539 2711 668 2778 legeretur
685 2709 749 2762 adeo
767 2718 795 2761 ut
812 2711 940 2762 dumorum
959 2710 1061 2779 ingenis
1072 2719 1208 2778 torqueret,
1225 2719 1297 2778 puter

278 2809 349 2845 meus
368 2795 448 2860 ipsum
466 2795 678 2862 eomuptissimnm
696 2803 722 2847 st
739 2813 818 2863 paene
836 2805 961 2848 mortuum
978 2798 1015 2848 sio
1036 2798 1104 2849 nitas
1122 2798 1231 2850 restituit
1253 2795 1296 2846 ‘lu

278 2895 327 2946 quo
347 2879 388 2931 nul
406 2877 556 2931 Sslisubsuli
572 2897 643 2932 ssors
659 2880 839 2950 snmipisutur’
861 2883 930 2934 mins
953 2882 1054 2950 quidem
1076 2900 1163 2936 sensus
1181 2882 1239 2934 stit:
1262 2881 1296 2932 its

278 2965 359 3019 bona·
381 2974 408 3016 st
430 2964 528 3016 ualidus
551 2965 596 3016 fist
618 2983 680 3032 pons
704 2965 752 3018 ists
775 2976 832 3018 tuus
854 2977 883 3018 ut
904 2967 929 3019 is
951 2984 983 3019 eo
1004 2967 1096 3036 suscipi
1115 2969 1212 3034 possint
1227 2983 1295 3018 suom

277 3049 375 3114 Martis,
393 3067 457 3118 quse
475 3051 589 3103 sultsndo
607 3049 708 3103 sSsliis
726 3052 936 3106 celebrabantur.
950 3089 957 3105 .
970 3087 997 3105 ..
1014 3070 1085 3104 ssors
1101 3051 1249 3105 Salisubsuli
1270 3050 1296 3100 id

278 3143 317 3186 est
334 3134 425 3188 Martis
437 3177 442 3187 .
455 3169 464 3186 .
476 3174 483 3190 .
496 3135 667 3189 Sulisubsulns
685 3137 763 3198 enim,
786 3139 822 3188 uti
845 3139 870 3189 in
893 3137 1050 3204 antiquorum
1071 3137 1238 3190 monumentis
1256 3155 1294 3188 ru-

278 3219 342 3285 pori,
360 3219 429 3272 Mun
446 3238 462 3270 s
478 3222 607 3272 ueteribus
624 3221 705 3272 dietus
723 3229 770 3272 est.
796 3221 921 3273 Psouuius
940 3223 965 3274 iu
983 3241 1107 3274 armorum
1126 3223 1217 3275 iudicio
1240 3229 1295 3289 ‘pro

277 3302 381 3370 imperio
401 3304 563 3357 sslisubsulus
580 3307 601 3356 si
621 3315 703 3358 nostro
726 3306 860 3374 exeubst’)
883 3307 988 3375 Heysius
1010 3307 1157 3361 Salisubssli
1176 3307 1295 3375 Berols'us

278 3383 358 3453 (Ro).
387 3398 415 3438 ot
434 3406 518 3440 uersum
537 3391 670 3456 paulutum·
693 3409 834 3456 quomquom
861 3409 878 3442 a
900 3391 996 3444 Nasicio
1018 3393 1066 3444 iuti.
1093 3394 1166 3444 sclol.
1189 3395 1295 3444 tonsum.

277 3471 362 3536 182³&
384 3491 409 3538 p.
430 3473 463 3524 Vt
484 3476 578 3540 (opusc.
598 3477 609 3524 l
627 3474 693 3542 107)
717 3475 820 3540 uidenti,
843 3477 909 3526 cuius
932 3477 1021 3528 nullum
1042 3481 1133 3530 omnim
1151 3481 1176 3530 iu
1196 3479 1295 3543 seriptu-

276 3574 328 3606 rum
354 3568 456 3608 uetsmm
484 3559 552 3610 itioris
580 3569 691 3625 quotquot
716 3560 785 3615 lodie
807 3562 917 3612 latemus
948 3565 1099 3614 testimouium
1125 3574 1202 3627 extat,
1229 3564 1296 3628 fidos

278 3657 349 3703 quam
365 3643 465 3691 maxims
482 3642 554 3693 dubia
572 3654 613 3694 est.
634 3645 664 3708 uf.
682 3643 778 3696 Houdit'
795 3663 834 3710 qu.
853 3659 899 3698 eat.
919 3648 942 3700 6.
961 3665 1033 3712 usque
1055 3666 1152 3713 usquam
1169 3660 1297 3714 prosto-oa

278 3721 358 3786 Solii,
385 3723 467 3774 mum
490 3725 641 3779 Satuutsutt
660 3729 700 3779 uel
721 3727 883 3794 Salisubsoli‚
907 3750 1028 3798 oopnomsu
1050 3731 1132 3784 Morti
1152 3738 1295 3795 attribuitur.

278 3807 427 3861 Salisubsnli
447 3839 478 3849 -
497 3813 652 3879 suscipiunto
664 3813 749 3865 aldina
761 3815 835 3866 1502
905 3817 937 3868 10
958 3818 1110 3886 punicseque
1125 3819 1228 3890 Hsysius
