2970 4484
720 1505 808 1591 XII

324 1716 432 1805 Supra
454 1737 525 1781 cum
548 1717 582 1781 iu
604 1716 711 1804 capite
731 1738 795 1781 run
817 1735 944 1780 carmen
974 1717 1184 1782 centesimum
1206 1715 1289 1782 deci·

239 1857 325 1901 mum
346 1834 486 1916 tertium,
509 1831 597 1921 quod
619 1832 659 1899 de
680 1832 820 1915 Muciae,
842 1833 954 1898 uxoris
976 1830 1122 1920 Pompei,
1143 1834 1287 1899 moribus

238 1949 396 2038 corruptis
417 1959 474 2031 est,
497 1950 741 2036 explicaremus,
763 1949 803 2016 de
819 1948 925 2016 Cinna
944 1958 1049 2038 poeta,
1072 1949 1122 2015 cui
1141 1949 1287 2017 Catullus

239 2089 367 2134 carmen
394 2065 472 2132 illud
503 2066 683 2154 inscripsit,
716 2065 863 2132 consulto
895 2066 975 2132 nihil
1006 2065 1165 2150 diximus,
1198 2065 1285 2155 quod

239 2185 331 2272 plura
353 2183 393 2250 de
415 2205 453 2248 eo
476 2183 668 2271 exponenda
690 2193 781 2249 erunt
808 2189 909 2270 quam
928 2203 1011 2270 quae
1031 2181 1128 2270 capiti
1148 2181 1196 2250 illi
1217 2183 1287 2249 sino

239 2301 414 2389 legentium
448 2301 652 2366 incommodo
684 2299 782 2366 inseri
812 2310 955 2388 possent.
1005 2299 1069 2366 iam
1097 2319 1176 2365 uero
1205 2299 1286 2366 nihil

234 2417 360 2506 inpedit
381 2439 445 2505 quo
467 2418 574 2484 minos
596 2417 637 2482 de
652 2416 758 2486 Cinna
780 2417 932 2484 adcurate
946 2417 1141 2484 disseramus
1161 2437 1170 2480 ε
1190 2416 1285 2484 simul

237 2545 347 2602 lamen
368 2557 407 2600 ea
428 2557 511 2622 quas
534 2535 574 2601 de
595 2534 772 2601 Hortensio
793 2545 826 2601 ct
846 2534 988 2601 Tunuoio
1009 2534 1114 2622 poetis
1136 2531 1286 2602 Catullus

238 2652 368 2734 retudit,
391 2675 463 2718 cum
485 2674 505 2717 a
525 2651 743 2740 disputatione
764 2650 806 2716 de
820 2649 927 2719 Cinna
945 2650 1144 2718 instituenda
1158 2651 1286 2739 seiungi

237 2793 302 2837 nou
346 2769 487 2856 possint,
535 2769 568 2834 in
619 2769 680 2834 hoc
727 2769 833 2856 capite
874 2769 1095 2835 tractabimus.
1158 2779 1287 2856 praeter

237 2887 315 2953 illud
336 2885 424 2974 quod
445 2884 542 2950 modo
565 2885 886 2951 commemorauimus
911 2905 1041 2952 carmen
1063 2904 1139 2952 extu
1162 2885 1285 2952 nullum

236 3005 270 3070 in
299 3003 380 3070 libro
411 3001 531 3070 Catulli
560 3013 650 3068 extat
678 3000 802 3070 Cinnae
830 3003 908 3091 ipsi,
940 3023 1036 3091 quem
1066 3001 1108 3070 G.
1130 3000 1284 3070 Heluium

237 3121 375 3190 Cinnam
417 3120 515 3186 lirisse
550 3119 646 3186 hodic
686 3119 771 3186 inter
812 3141 922 3186 omnes
958 3129 1106 3202 constat,
1149 3119 1284 3207 iuscrip-

235 3250 332 3306 tum:
366 3247 478 3306 contra
511 3236 543 3303 in
577 3236 647 3302 aliis
680 3235 875 3303 carminibus
906 3237 956 3304 bis
987 3237 1056 3304 eius
1086 3236 1132 3304 ita
1164 3236 1283 3304 mentio

235 3357 322 3422 fucta
357 3365 407 3422 est
440 3363 477 3421 ut
510 3354 637 3422 Catullo
674 3351 899 3420 amicissimum
933 3354 1026 3420 illum
1056 3353 1154 3420 fuisse
1187 3354 1285 3421 facilc

236 3472 345 3541 uidere
367 3471 471 3539 liccat.
513 3472 603 3537 locus
625 3471 707 3538 alter
727 3493 792 3558 quo
813 3469 919 3540 Cinna
941 3479 1210 3539 commemoratur
1231 3471 1284 3537 hic

236 3600 285 3657 est
305 3591 343 3670 (x
362 3589 418 3675 29)
440 3613 448 3656 ε

333 3707 419 3772 istud
437 3707 521 3794 quod
541 3705 631 3772 modo
653 3705 794 3772 dixeram
815 3729 863 3771 otc
883 3707 990 3772 tuom
1011 3705 1199 3792 (lecticam),

333 3823 422 3912 frrqsl
441 3847 489 3889 me
509 3829 586 3889 ratio
607 3847 618 3889 .·
637 3847 724 3890 maus
745 3821 866 3889 cadaloi

336 3942 438 4010 otum
459 3955 504 4008 ert
524 3940 627 4008 Gaius
646 3967 658 4007 .·
678 3945 705 4007 ia
725 3942 787 4008 atti
799 3941 937 4027 parauit

1474 911 1475 922 t

1474 1099 1475 1116 l

1474 1187 1475 1196 l

1470 2298 1475 2314 1
