2920 4492
282 339 315 388 to
565 336 588 385 V
623 335 671 386 DE
690 333 868 387 AMORIBVS
889 334 1043 388 camur

279 501 329 566 ius
350 501 519 567 iurandum
535 501 652 566 ducere
668 501 888 588 paratissimus
904 512 987 568 esset
1002 529 1008 566 :
1026 503 1164 591 denique
1188 516 1233 587 ut,
1256 527 1329 570 curn

280 619 411 684 tandem
433 640 471 684 eo
493 630 685 706 peruentum
706 629 791 684 esset
811 629 848 683 ut
868 629 1007 684 seorsum
1030 620 1093 686 uile
1115 622 1329 687 deserendum

282 757 353 799 esse
382 734 489 800 omnia
510 734 700 817 clamarent,
730 757 794 800 non
816 735 885 800 sine
907 736 1047 800 maxima
1068 739 1166 804 animi
1188 739 1331 826 aegritu·

282 850 356 916 dine
378 875 397 916 a
419 873 452 916 se
475 853 636 940 inpetrare
663 861 771 938 posset
796 863 832 916 ut
859 875 1002 918 amorem
1029 854 1246 921 inueteratum
1277 855 1332 922 de·

281 980 425 1057 poneret.

364 1086 457 1152 Haec
496 1085 603 1150 omnia
638 1107 832 1172 quemquam
870 1087 1006 1169 mirere,
1047 1099 1155 1152 tamen
1187 1109 1253 1152 uon
1282 1088 1331 1154 ita

283 1204 412 1269 difficile
435 1202 621 1290 explicabis,
644 1201 720 1268 dum
743 1205 839 1268 modo
865 1205 905 1269 ad
933 1203 1053 1270 Catulli
1074 1205 1242 1293 ingenium
1264 1227 1331 1271 res-

283 1320 421 1408 pexeris.
466 1343 549 1406 quaa
581 1320 664 1385 enim
694 1320 819 1386 Seneca
847 1321 887 1386 de
909 1322 1144 1408 tranquillitate
1167 1323 1266 1388 animi
1292 1325 1333 1389 15

285 1437 324 1502 16
352 1436 429 1502 dicit
457 1437 578 1502 nullum
618 1459 771 1522 magnum
802 1437 966 1525 ingenium
1002 1439 1069 1503 sine
1101 1440 1244 1506 mixtura
1278 1441 1330 1507 de·

282 1553 554 1636 manumisisse,
587 1577 625 1620 ea
647 1553 741 1620 etiam
763 1554 796 1619 in
819 1553 938 1622 Catulli
967 1557 1133 1643 ingenium
1156 1567 1230 1644 apte
1253 1581 1332 1646 qna-

284 1673 387 1739 drant.
411 1693 488 1736 sane
499 1692 603 1758 paene
617 1671 798 1738 deureutem
814 1673 866 1738 uel
880 1665 1063 1754 ‘uesanum',
1088 1696 1153 1764 quo
1168 1677 1332 1741 uocabulo

264 1863 267 1872 Α
285 1789 431 1856 Catullus
447 1787 514 1876 ipse
529 1798 565 1854 ut
579 1787 697 1852 amoris
718 1789 767 1852 sui
790 1788 1024 1856 uehementiam
1041 1789 1201 1876 exprimat
1216 1789 1273 1878 (vu
1293 1795 1333 1858 10

285 1917 318 1972 et
332 1925 352 1971 e
368 1907 401 1990 7)
417 1905 525 1987 utitur,
549 1913 679 1992 poetam
695 1905 912 1970 Veronensem
932 1905 1159 1990 nominaueris,
1181 1909 1208 1973 si
1231 1911 1333 1976 animi

285 2025 496 2111 inpotentiam
529 2021 616 2089 illam
649 2021 741 2108 quasi
772 2019 912 2088 ferocem
927 2070 929 2081 .
943 2032 977 2087 et
1004 2045 1023 2087 a
1051 2025 1266 2111 temperentia
1300 2039 1334 2094 et

285 2139 502 2206 moderatione
518 2138 690 2226 plurimum
706 2137 913 2205 dissidentem
934 2138 1131 2216 consideras,
1155 2163 1220 2227 qua
1242 2145 1333 2208 etin

284 2257 447 2327 amoribus
470 2267 503 2322 et
525 2257 558 2322 in
573 2255 653 2322 odiis
668 2256 736 2342 pari
752 2255 862 2341 inpetu
877 2255 932 2322 ille
947 2255 1100 2338 adsolet,
1123 2260 1174 2323 uel
1187 2259 1215 2324 si
1233 2269 1333 2326 teme-

241 2404 244 2410 ·
284 2376 413 2442 ritatem
433 2385 531 2461 atque
552 2373 716 2439 leuitatem
736 2382 885 2459 reputas,
916 2395 981 2461 qua
1001 2372 1154 2442 seductus
1174 2397 1194 2440 a
1213 2379 1334 2462 puellis

284 2505 317 2560 et
331 2493 440 2559 amieis
455 2491 587 2580 perfidis
598 2512 755 2578 persaepe
766 2489 923 2578 deeeptus
938 2503 996 2558 est.
1038 2501 1194 2560 attamen
1209 2494 1266 2560 ubi
1283 2507 1335 2562 ast

284 2609 340 2698 qui
369 2611 426 2676 illa
453 2609 630 2691 dementis,
660 2609 686 2674 si
714 2629 778 2694 qua
804 2617 869 2689 est,
899 2618 1028 2695 poetam
1056 2610 1196 2676 caruisse
1218 2613 1333 2678 uelit?

285 2727 414 2816 quando
452 2724 582 2814 quidem
619 2727 693 2811 ipsa
722 2723 803 2790 haee
843 2722 942 2790 animi
976 2725 1128 2793 ferocitas
1164 2728 1260 2794 haen-
1287 2729 1334 2798 in·

285 2843 374 2932 genii
401 2842 565 2910 temeritas
593 2842 740 2908 effecisse
768 2840 970 2928 aliquatenus
1001 2843 1152 2910 uidentur
1174 2857 1210 2912 ut
1232 2859 1335 2932 poeta

286 2985 422 3049 magnus
450 2971 482 3026 et
510 2960 665 3038 memoria
692 2959 833 3024 omnium
863 2959 1065 3024 saeculorum
1094 2960 1212 3048 dignus
1239 2963 1335 3032 lieret

286 3079 444 3151 Catullus.
488 3078 560 3165 quis
592 3089 641 3142 est
659 3075 812 3165 denique
842 3077 919 3164 quin
947 3078 1045 3142 talem
1076 3075 1270 3146 dementiam
1304 3083 1335 3150 si

287 3200 342 3287 qui
375 3196 480 3265 animo
510 3193 734 3263 candidissimo
767 3203 800 3258 et
826 3193 1035 3279 integerrimo
1057 3206 1142 3276 erat,
1176 3197 1232 3282 qui
1255 3197 1334 3266 deos

286 3317 408 3404 pietate
428 3335 553 3379 summa
571 3311 795 3392 uenerebatur,
816 3309 907 3376 euius
929 3334 1038 3378 amore
1059 3312 1202 3379 fraterno
1224 3315 1334 3384 nullus

287 3431 425 3519 eogitari
448 3440 555 3516 potest
575 3429 691 3512 aanor,
712 3427 933 3514 ignorentur?

370 3547 516 3616 Catullus
531 3545 631 3631 igitur
645 3545 757 3614 eedem
770 3547 952 3613 temeritate
967 3569 1032 3633 qua
1046 3570 1079 3612 sa
1094 3555 1197 3612 totum
1213 3549 1334 3618 totiens

286 3666 396 3733 amieis
411 3665 500 3730 falsis
514 3663 645 3741 dedidit,
668 3686 731 3752 qua
752 3663 795 3733 de,
811 3685 847 3732 re
868 3663 951 3731 infra
966 3663 1149 3730 adcuratius
1170 3685 1334 3752 expunan-

287 3784 362 3850 dum
393 3792 459 3867 est,
490 3806 525 3848 se
551 3782 656 3870 abripi
688 3803 800 3869 pessus
831 3791 897 3863 est,
925 3805 997 3846 eum
1029 3803 1154 3848 omnem
1187 3805 1334 3852 amorem

285 3904 317 3969 in
345 3900 519 3985 1111111111,ι
535 3899 714 3972 ,mulierem
734 3922 774 3967 eo
795 3899 981 3987 indignam,
1017 3899 1198 3970 transfudit
1243 3902 1334 3988 qued
