2954 4492
390 363 416 416 V
450 363 500 415 DE
517 361 697 418 AMORIBVS
714 361 868 416 curvum
1149 365 1197 416 115

143 529 250 618 igitur
277 526 406 596 Gellius
434 531 549 596 consul
570 551 600 594 a.
622 529 740 607 trefae
761 538 794 595 et
813 529 936 595 Valerii
958 529 1004 596 illi
1026 529 1199 596 Messallae

145 647 267 714 stanes
289 647 410 714 uterini
424 647 567 714 morunt

229 763 270 830 L.
304 763 359 832 ille
394 761 522 831 Gellius
556 773 649 852 pater
685 763 768 829 Pola
803 783 906 829 uxore
948 763 1034 830 circa
1075 783 1195 829 aunum

146 879 269 958 otone
282 880 454 968 repudiata
467 881 603 947 alteram
617 903 752 947 morem
768 879 870 962 duxit,
892 880 984 945 cuius
1004 899 1124 945 nomen
1138 899 1198 944 noa

147 997 239 1064 latet.
281 996 361 1062 haec
388 1005 459 1062 erat
485 997 525 1063 L.
549 997 646 1064 Gellii
674 997 730 1063 filii
763 1018 921 1080 nouerca,
954 1017 1092 1084 quacum
1112 995 1198 1061 hunc

147 1123 298 1201 stuprum
319 1114 479 1180 incestum
500 1113 607 1179 faeere
637 1122 671 1179 et
696 1121 788 1198 pater
816 1114 884 1178 eius
915 1111 1141 1200 suspicabatur
1167 1121 1200 1178 et

148 1227 300 1296 Catullus
330 1238 463 1296 utrem
494 1229 697 1318 exploratam
725 1230 901 1316 castigasse
930 1231 1066 1294 uidetur.
1116 1250 1199 1316 quae

147 1346 313 1413 sententia
326 1345 425 1412 rebus
445 1368 511 1412 non
531 1345 627 1412 nullis
641 1345 752 1434 pulcre
766 1345 1017 1412 commendatur.
1060 1346 1200 1434 primum

147 1463 188 1530 L.
211 1460 310 1528 Gellii
339 1461 395 1529 lilii
419 1473 506 1529 aetas
534 1473 585 1530 est
613 1485 653 1528 ea
680 1485 745 1550 qua
772 1462 945 1529 adiuuetur
970 1461 1035 1527 illa.
1079 1462 1197 1527 etenim

148 1579 278 1648 Gellius
311 1601 395 1645 anno
423 1580 557 1664 dilituit,
591 1581 642 1646 cui
672 1579 794 1648 catulli
821 1582 854 1644 in
883 1578 1026 1646 Gellium
1056 1579 1198 1646 carmine

147 1695 362 1764 aduibumda
383 1705 477 1780 suut,
498 1697 525 1761 si
545 1697 632 1762 illius
654 1717 739 1762 anno
761 1695 919 1762 consulari
939 1694 1088 1774 nitimur,
1109 1695 1198 1782 uige-

146 1813 266 1882 simum
286 1835 386 1879 unum
407 1813 523 1878 aetatis
544 1813 612 1900 egit
633 1837 640 1878 ε
663 1811 810 1880 Catullus
824 1821 894 1879 tum
908 1811 1198 1900 undetrigesimum

146 1933 280 2018 agebat.
316 1930 354 1996 L.
368 1929 471 2016 igitur
484 1928 583 1995 Gellii
598 1939 686 1996 aetas
701 1929 800 1996 aetati
814 1927 934 1996 Catulli
948 1929 1050 1995 multo
1065 1930 1199 2018 propior

144 2056 220 2114 erat
238 2067 336 2134 quam
358 2043 456 2114 Gellii
478 2043 636 2112 Clodiani.
679 2055 847 2134 practerea
874 2044 954 2112 nihil
975 2045 1098 2134 inpedit
1120 2047 1199 2134 quin

145 2165 187 2232 L
215 2161 358 2230 Gellium
386 2161 513 2227 duobus
541 2162 688 2227 tribusne
725 2161 818 2228 aunis
849 2171 922 2249 post
956 2185 1051 2229 suum
1079 2187 1199 2231 aunum

147 2277 350 2346 consulatum
371 2278 512 2365 gessisse
533 2277 742 2362 arbitremur,
768 2277 814 2344 ita
840 2289 878 2346 ut
899 2277 941 2346 G.
963 2280 1078 2347 Licinii
1101 2279 1196 2348 Calui

146 2407 184 2464 et
197 2395 244 2462 M.
259 2395 363 2462 (laelii
377 2393 454 2462 Rufi
475 2393 619 2482 aequalis
633 2394 741 2476 fuerit,
763 2416 902 2482 quorum
925 2395 1061 2460 alterum
1084 2395 1195 2462 eadem

146 2535 192 2580 ex
222 2535 337 2579 caussa
364 2523 463 2600 atque
491 2511 632 2578 Gellium
664 2509 794 2578 Catullo
823 2512 962 2578 inuisum
979 2511 1077 2577 fuisse
1097 2535 1196 2598 supra

145 2630 450 2698 demonstrauimus.
495 2627 611 2694 deinde
626 2627 775 2694 Valerius
796 2627 960 2696 Maximus
980 2629 1071 2694 illum
1092 2627 1195 2716 ipsum

145 2747 306 2814 incestum
337 2744 376 2811 L.
407 2744 506 2812 Gellii
534 2767 607 2811 cum
634 2753 738 2810 matre
766 2745 886 2811 factum
918 2756 1029 2835 aperte
1061 2769 1197 2813 comme·

145 2871 264 2948 morat,
286 2861 376 2929 cuius
398 2885 514 2929 caussa
528 2861 677 2929 Catullus
693 2860 834 2928 Gellium
856 2861 1063 2952 reprehendit
1077 2885 1085 2928 :
1099 2864 1197 2929 immo

146 2981 176 3048 si
198 2989 327 3069 tempas
355 2990 538 3067 spectamus
568 3001 633 3068 quo
664 2975 791 3046 Gellius
820 3003 893 3046 cum
919 2990 1022 3070 matre
1050 2988 1199 3068 stuprare

147 3097 277 3164 solebat
303 3095 357 3162 uel
385 3097 499 3163 saltem
526 3095 718 3185 putabatur,
757 3096 864 3162 omnia
898 3097 1018 3185 optimc
1048 3097 1133 3163 inter
1163 3117 1197 3162 se

147 3212 320 3304 quadrant
376 3211 524 3280 Catullus
567 3211 653 3278 euim
693 3213 934 3300 epigrammatis
975 3211 1038 3279 illis
1072 3212 1198 3300 flagitia

147 3329 249 3398 Gellii
270 3328 497 3417 reprehendit,
529 3351 614 3418 quae
634 3337 760 3396 tantum
782 3330 874 3396 abest
905 3340 941 3396 ut
967 3339 1043 3397 ante
1070 3340 1198 3418 tempus

146 3445 278 3535 longius
306 3445 471 3533 quoddam
492 3446 545 3512 ille
566 3445 780 3531 commiserit,
812 3456 849 3513 ut
878 3447 933 3514 illo
961 3447 1031 3535 ipso
1053 3456 1199 3534 tempore

147 3585 212 3653 quo
234 3573 333 3652 poeta
364 3562 507 3629 carmina
535 3562 663 3652 scripsit
689 3563 812 3630 iecerit.
854 3585 919 3651 quo
943 3585 1028 3630 anno
1050 3563 1220 3630 Catullus«

146 3681 383 3771 epigrammata
418 3680 474 3746 illa
512 3681 680 3768 conposuit
720 3681 764 3764 (a.
796 3681 816 3745 6
857 3679 927 3776 sled)
939 3728 949 3763 ‚
996 3702 1034 3745 eo
1073 3679 1198 3746 Gellius

146 3821 247 3868 uuum
269 3807 304 3864 et
324 3795 521 3884 trigesimum
542 3795 613 3879 uel,
639 3795 726 3883 qood
746 3796 854 3883 paullo
875 3807 950 3862 ante
972 3805 1114 3864 statuere
1135 3819 1200 3862 ma-

143 3914 271 4000 luimus,
293 3912 495 4003 trigesimum
518 3921 666 4001 quartum
686 3911 836 3980 habebat.
879 3913 1068 4078 adulpspens
1087 3911 1199 3998 igitur,
