2954 4492
743 1616 827 1701 VII

346 1813 416 1878 Iam
438 1812 565 1900 saepius
585 1809 619 1877 in
641 1812 687 1876 eis
710 1833 792 1900 quae
815 1809 918 1876 adhuc
938 1809 1171 1900 disputauimus
1186 1808 1305 1877 Catulli

264 1931 325 1995 iter
339 1928 545 2016 Bithynicum
566 1930 897 2010 commemorauimus,
919 1929 959 1992 de
981 1949 1045 2016 quo
1066 1950 1152 1994 nune
1174 1929 1305 1994 adcura-

264 2047 328 2112 tius
350 2044 575 2133 exponendum
598 2055 657 2111 est.
700 2047 836 2132 primum
860 2044 1078 2133 quaerendum
1100 2045 1229 2132 quando
1245 2043 1305 2112 Ca·

264 2163 361 2230 tullus
375 2163 408 2228 in
422 2162 577 2250 Bithynia
591 2163 696 2228 fuerit
738 2162 812 2228 huic
833 2161 1014 2249 quaestioni
1036 2161 1081 2227 eis
1103 2184 1186 2250 quae
1208 2183 1306 2250 supra

264 2281 448 2368 scripsimus
470 2281 503 2344 in
526 2278 680 2346 auxilium
701 2278 824 2346 uocatis
846 2279 906 2344 etsi
927 2301 990 2344 non
1021 2277 1174 2344 adcurate
1194 2288 1303 2343 tamen

198 2445 204 2454 .
264 2396 444 2486 generatim
474 2395 660 2484 responderi
692 2406 816 2484 potest,
849 2395 925 2461 dum
957 2395 1051 2462 modo
1083 2417 1124 2460 ua
1156 2393 1319 2462 Catullus'

263 2526 338 2583 ante
361 2537 457 2604 quam
471 2513 621 2580 Lesbiam
644 2513 800 2578 amaucrit
821 2513 855 2579 in
868 2512 1024 2598 Bithynia
1044 2512 1142 2578 fuisse
1161 2522 1303 2600 putetur.

263 2634 481 2699 demonstrare
503 2632 589 2696 enim
609 2653 709 2718 supra
730 2630 835 2698 conati
858 2652 966 2694 sumus
980 2627 1145 2696 Catullum
1166 2629 1241 2697 iude
1262 2630 1304 2695 ab

263 2772 347 2816 anno
362 2749 477 2826 tessal
499 2771 600 2836 usque
621 2751 661 2814 ad
684 2771 802 2814 annum
818 2747 935 2824 696Ι58
949 2745 1101 2814 Lesbiam
1123 2749 1305 2814 amauisse:

261 2890 325 2955 quo
347 2866 388 2932 da
409 2867 545 2932 termino
561 2865 741 2932 definiendo
764 2874 892 2953 praeter
912 2866 977 2931 alia
998 2864 1039 2932 sd
1063 2865 1205 2931 carmina
1220 2885 1304 2953 quae

260 2985 292 3051 in
322 2982 466 3051 Caelium
498 2983 640 3065 Rufum,
675 2992 710 3048 ut
741 3005 782 3048 ex
808 2981 976 3050 Ciceronis
997 2981 1152 3050 Caeliana
1174 2983 1302 3066 scimus,

260 3124 344 3168 anno
375 3100 492 3178 696ίὸ8
524 3098 672 3167 Catullus
707 3099 833 3188 scripsit
867 3100 983 3186 respici
1020 3099 1180 3165 iussimus.
1238 3121 1302 3187 quo

260 3217 363 3283 minus
384 3225 493 3282 autem
517 3217 603 3283 intra
623 3227 749 3304 tempus
772 3238 835 3303 quo
858 3215 1008 3284 Catullus
1029 3215 1168 3282 Lesbiae
1194 3238 1302 3283 amore

259 3335 419 3423 flagrabat
457 3357 530 3400 eum
566 3334 598 3399 in
638 3332 793 3422 Bithynia
831 3334 950 3400 afuisse
983 3333 1089 3398 Roma
1123 3333 1301 3416 credamus,

259 3453 309 3517 uel
331 3473 369 3516 eo
391 3451 597 3538 prohibemur
618 3451 705 3537 quod
721 3449 870 3516 Catullus
893 3450 924 3516 iu
947 3451 1142 3517 carminibus
1162 3471 1247 3538 quae
1268 3452 1301 3516 in

259 3569 373 3635 itinere
393 3568 450 3634 illo
473 3577 570 3656 atque
586 3567 626 3633 de
649 3589 687 3633 eo
710 3567 840 3655 scripsit
856 3567 992 3632 Lesbiae
1013 3589 1188 3656 numquam
1210 3590 1300 3633 men·

259 3685 379 3750 tionem
400 3684 486 3750 fecit.
529 3685 570 3751 ab
599 3707 682 3750 anno
711 3683 811 3770 igitur
832 3684 946 3760 693161
979 3684 1019 3750 ad
1041 3707 1159 3750 annum
1181 3684 1300 3762 696158

259 3799 406 3870 Catullus
437 3801 562 3868 Romae
589 3803 642 3867 uel
671 3801 786 3866 saltem
814 3801 846 3865 in
873 3800 971 3867 Italia
999 3809 1142 3868 moratus
1170 3823 1236 3868 uon
1267 3803 1299 3868 in

259 3919 413 4007 Bithynia
443 3921 543 3987 fuisse
574 3927 691 4007 potest.
736 3917 829 3983 annis
851 3927 959 3984 autern
989 3917 1300 3998 salatratatus
