3002 4490
269 315 319 366 lbh
468 313 520 364 xt1
554 313 602 363 ΒΕ
619 312 727 364 etrus
744 309 947 364 Hortensio
963 309 1115 362 rattvsto

159 557 162 564 Δ
269 477 310 543 ad
331 477 529 561 Tanusium‚
560 477 690 564 dequo
718 477 887 544 distichum
909 487 1060 565 quartum
1081 487 1144 556 est,
1177 477 1317 544 alterum

268 617 398 684 quoquc
432 595 601 663 distichum
638 596 816 661 referamus
846 617 854 659 :
888 595 950 660 boc
984 595 1055 661 fieri
1091 603 1241 682 oportere
1284 603 1318 659 et

269 711 490 780 Frceblicbius
518 712 702 798 (comment.
731 711 820 778 acad.
846 711 973 778 Monac.
994 733 1016 776 v
1038 733 1067 776 ιιι
1089 711 1167 796 270)
1193 721 1226 778 et
1248 709 1316 776 Vn·

269 851 369 918 genus
399 829 455 914 (de
486 829 568 894 Ten.
600 827 695 895 Gom.
725 851 757 916 p.
789 829 824 916 6)
856 828 937 895 alter
973 828 1103 894 alterius
1137 825 1316 894 sententiae

268 947 387 1012 inscius
402 955 489 1012 secte
502 945 741 1022 intellexerunt,
756 966 951 1033 quamquam
972 946 1005 1011 in
1021 944 1158 1012 disticho
1172 945 1315 1010 mcundo

269 1061 469 1128 emendendo
501 1071 638 1148 uterque
669 1061 883 1128 infelicissime
915 1083 982 1140 rem
1011 1063 1121 1149 gessit.
1175 1083 1315 1149 namque

268 1177 491 1244 Froeblicbius
517 1199 646 1244 uersum
675 1178 804 1244 tertium
833 1178 880 1244 ita
909 1179 1054 1266 corrupit
1074 1161 1158 1246 melia
1179 1201 1245 1244 mm
1267 1181 1316 1244 s'n-

268 1310 348 1362 terea
361 1306 407 1361 ter
424 1295 559 1381 quinque
578 1295 735 1362 Tanusius
749 1318 818 1378 uno,
835 1294 993 1362 adnotans
1006 1305 1137 1383 poetam
1152 1295 1316 1361 annalium

268 1415 300 1478 in
323 1411 518 1477 carminibus
540 1433 640 1477 xxxvi
669 1421 702 1478 et
727 1431 868 1478 Lxxxxv
895 1411 1066 1480 aOatnllo
1095 1412 1316 1499 uituperatum

268 1550 386 1596 nomen
421 1528 555 1594 Tanusii
590 1526 716 1594 Volusii
750 1529 901 1595 habuisse
932 1553 940 1594 ι
974 1527 1188 1595 Hortensium
1228 1529 1315 1593 enim

268 1645 454 1735 neutiquam
485 1644 548 1710 boc
580 1645 652 1710 loco
684 1645 882 1712 nominatum
915 1667 986 1712 esse
1017 1667 1123 1732 posse.
1178 1642 1315 1710 similem

267 1766 368 1852 igitur
388 1762 612 1830 Froehlicbius
633 1763 719 1828 uiam
740 1739 906 1849 innressus
927 1771 976 1828 est
997 1771 1096 1850 atque
1117 1761 1193 1826 olim
1212 1761 1314 1826 Anto·

267 1880 338 1946 nius
359 1879 569 1964 Parthenius,
599 1878 655 1968 qni
681 1901 754 1945 eum
781 1900 846 1945 non
873 1877 1010 1965 amplius
1031 1899 1130 1943 unum
1152 1877 1313 1942 aemulum

267 1996 393 2063 Cinnae
414 2020 434 2061 a
454 1995 583 2064 Catullo
605 1995 637 2062 in
659 1996 721 2061 hoc
741 1997 883 2062 carmine
912 1994 1032 2083 opponi
1059 1993 1203 2081 potuisse
1225 2003 1314 2059 recte

267 2112 488 2200 intellegeret,
519 2123 627 2180 umen
654 2134 752 2178 unum
779 2111 869 2179 illurn
890 2107 1112 2178 ‘Hortensium
1134 2098 1315 2177 Volusium'

267 2229 435 2297 nominans
461 2237 530 2296 tota
555 2251 591 2296 ro
617 2229 720 2295 falsus
747 2239 806 2295 ast.
862 2228 1015 2314 Vngerus
1036 2238 1143 2296 sutem
1166 2228 1207 2294 ad
1239 2247 1312 2292 eam

266 2347 476 2414 rusticitatem
498 2347 648 2433 peruenit
668 2357 704 2412 ut
717 2346 797 2412 haec
818 2367 876 2433 pro
892 2344 1082 2413 Catullianis
1102 2343 1308 2412 uenditaret:

305 2545 320 2591 s
361 2523 442 2588 milio
463 2545 528 2588 cum
549 2523 667 2588 interca
687 2523 850 2610 quinquus
872 2521 1136 2588 Hortensihus
1157 2545 1216 2588 tmo

403 2639 524 2728 [scripta
545 2643 609 2705 stilo
629 2662 752 2705 uersum
768 2644 951 2726 prorepserit
971 2663 1025 2704 urs
1055 2635 1177 2726 Volusi]

307 2779 320 2822 ι
362 2769 396 2821 et
425 2755 532 2823 Volusi
549 2759 678 2822 annales
698 2759 822 2821 hetam
842 2757 1009 2822 morientes·
1028 2757 1072 2821 od
1091 2757 1193 2841 ipsam

402 2885 430 2938 et
449 2875 542 2938 lenus
562 2871 712 2938 scombris
734 2896 822 2960 saepe
841 2873 955 2938 dubunt
975 2873 1112 2940 taneos.

265 3071 350 3139 quae
370 3050 476 3116 omnia
496 3048 572 3115 licet
592 3069 746 3138 peruema
767 3051 840 3133 sint,
862 3061 969 3115 mmen
990 3047 1089 3114 nihilo
1104 3048 1209 3114 minus
1231 3049 1311 3114 ordo

264 3167 496 3233 sententiarum
523 3165 632 3232 obstat
659 3189 724 3254 quo
751 3165 857 3232 minus
881 3166 914 3231 ἰιι
936 3187 1032 3232 uersu
1054 3165 1151 3232 tertio
1172 3163 1310 3230 Horten·

264 3283 347 3349 sium
384 3284 585 3349 nominatum
628 3305 697 3350 csse
733 3294 874 3350 statuere
908 3281 1076 3371 possimus.
1139 3291 1311 3371 praeterea

265 3411 370 3465 autem
391 3397 455 3466 alia
475 3399 650 3487 quaedam,
672 3411 709 3465 ut
728 3400 881 3486 Vngerus
902 3409 991 3465 recte
1012 3400 1137 3484 docuit,
1158 3399 1191 3465 in
1213 3399 1310 3466 rebus

264 3516 343 3602 ipsis
363 3517 474 3582 insunt
501 3537 585 3603 quae
608 3514 774 3582 Hortensii
796 3537 913 3583 nomen
936 3515 1217 3583 exterminandum
1238 3536 1311 3581 esse

265 3631 498 3699 demonstrant.
561 3655 638 3698 num
672 3632 757 3698 enim
793 3633 960 3721 probabile
993 3643 1043 3700 est
1079 3630 1243 3700 Catullum
1276 3633 1310 3698 in

265 3749 378 3815 eodem
399 3751 538 3815 carmine
560 3771 625 3839 quc
646 3749 842 3831 Tenusinm,
871 3750 1033 3816 bominem
1062 3747 1231 3816 mediocris
1253 3760 1311 3817 aut

265 3865 383 3933 nullius
404 3865 615 3948 auctoritatis,
636 3867 758 3932 caussis
776 3865 970 3951 quibusdam
988 3875 1095 3932 motus
1110 3873 1195 3931 tecte
1209 3865 1309 3952 signi-
