2920 4492
565 357 774 410 PROOllldIVM
1183 367 1198 412 7

145 538 244 616 etque
274 527 308 592 iu
340 525 455 614 primis
485 526 518 592 in
548 524 669 590 codicis
698 524 817 590 Deteni
846 523 926 590 locis
954 527 1099 592 obscuris
1127 537 1198 594 erte

144 643 275 731 legendi
295 642 508 710 inlustrsudis
529 641 624 706 uelde
646 641 835 707 edcuretum
864 640 963 707 fuisse
984 665 1090 730 neque
1112 647 1198 733 quie·

145 783 242 848 quem
264 759 326 826 nisi
348 758 553 846 spicilegium
575 767 612 823 ut
633 758 724 824 eiunt
744 779 880 846 percum
901 758 1079 845 reliquisse,
1104 763 1199 850 quale

146 881 242 944 etism
258 876 471 944 intentissime
486 875 654 962 diligentie
667 877 702 941 in
716 878 812 942 rebus
827 876 976 942 humenis
998 878 1198 966 subsequen·

147 995 225 1060 tium
246 995 427 1060 industriae
446 993 632 1080 relinquere
652 994 734 1060 solet
754 1015 763 1056 :
784 985 844 1058 lioc
865 1004 974 1058 temen
995 994 1197 1082 spicilegium

147 1112 188 1176 sd
208 1111 279 1199 ipse
298 1112 399 1178 serbe
421 1108 606 1176 Getulliene
631 1109 832 1176 emendenda
860 1132 992 1197 prorsus
1020 1111 1097 1178 nihil
1125 1135 1198 1178 oon-

146 1229 231 1294 lerre
254 1227 288 1292 in
309 1249 462 1313 preesem
485 1227 655 1293 adfirmare
676 1237 800 1293 tentum
823 1249 965 1314 possm,
987 1227 1044 1292 sed
1070 1229 1097 1293 si
1118 1228 1197 1296 illud

146 1343 180 1408 in
211 1344 378 1410 uolumine
408 1345 510 1409 eltsro
541 1343 693 1428 edidero,
726 1343 807 1410 ultro
845 1345 981 1432 quisque
1017 1345 1196 1434 perspiciet.

147 1483 231 1548 queo
266 1481 339 1526 curo
373 1460 478 1526 scribo
503 1461 693 1547 longissime
722 1461 834 1528 ebsum
867 1472 904 1527 ut
935 1483 955 1526 e
984 1461 1196 1530 Leohmenno

145 1575 405 1649 emendetiouflu
427 1577 603 1644 carminum
620 1577 742 1644 Getulli
763 1590 1015 1645 consummatum
1038 1601 1108 1645 esse
1130 1601 1197 1645 crc—

145 1695 230 1761 dem.
287 1703 323 1760 st
355 1693 584 1761 Lecbmennus
618 1695 773 1760 librorum
810 1693 1062 1762 Getulliencrum
1098 1720 1196 1764 menn

144 1811 338 1898 scriptorum
390 1821 506 1878 netum
555 1811 727 1900 indoleque
772 1821 866 1877 sonte
908 1822 1081 1901 perspecte
1122 1837 1196 1880 cum

145 1927 211 1994 fide
242 1927 360 2014 ὤμοι
388 1951 407 1993 s
435 1927 603 1996 fallacibus
631 1937 836 2014 segregaret
865 1939 898 1994 et
921 1928 1048 1995 illorum
1072 1953 1133 2019 ope
1154 1933 1194 1997 ed

144 2045 312 2132 exemplet
333 2044 412 2112 illud
428 2045 684 2132 antiquissimum
700 2044 897 2127 Veronense,
915 2045 1000 2111 unde
1024 2047 1084 2112 sub
1100 2049 1195 2114 finem

144 2161 264 2228 saculi
286 2162 392 2248 querti
415 2161 528 2228 decimi
553 2162 695 2227 csrmine
718 2159 838 2228 Oetulli
858 2160 891 2226 in
913 2162 976 2228 ulie
999 2164 1196 2250 exemplaris

144 2277 282 2346 describi
316 2289 431 2364 coepte
463 2289 537 2343 sunt
568 2277 622 2361 (of.
651 2277 894 2344 Lechmennum
926 2278 968 2343 ed
1006 2277 1195 2346 Lucretium

144 2419 175 2484 p.
197 2397 286 2480 246),
307 2393 402 2461 hodie
423 2395 574 2462 emimum
596 2395 696 2462 usrbs
711 2392 832 2462 Catulli
847 2417 945 2483 quem
962 2395 1109 2484 proximo
1123 2395 1194 2462 lieri

143 2515 250 2601 potuit
271 2511 460 2599 redegisset,
483 2511 646 2579 Getullum
662 2511 762 2578 edidit
782 2512 949 2598 permultis
964 2511 1094 2599 quidem
1115 2513 1194 2580 locis

144 2631 334 2698 mendosum
362 2629 419 2695 sed
448 2631 501 2694 cui
528 2651 570 2694 ex
591 2629 736 2696 codicum
759 2629 936 2696 recentium
959 2631 1194 2698 conlationibus

143 2747 200 2814 nix
221 2745 289 2814 ullo
308 2746 342 2812 in
362 2746 460 2812 rebus
477 2746 684 2832 greniombns
703 2745 870 2828 medicine,
892 2748 1067 2813 maximum
1082 2759 1194 2815 contre

144 2875 178 2930 et
197 2867 266 2930 lore
286 2865 417 2930 unicum
446 2862 602 2928 rusilium
628 2884 670 2928 ex
691 2865 974 2949 grammaticorum
998 2875 1069 2936 erte
1089 2885 1193 2930 emen·

144 2979 241 3048 dendi
269 2980 377 3048 sobrie
406 2989 439 3044 et
464 2979 595 3061 subtili,
627 3002 693 3068 que
722 2981 792 3067 ipse
818 2963 1044 3049 Lechmennus
1076 2981 1193 3048 multos

146 3098 236 3163 locos
267 3095 400 3184 egregie
438 3095 592 3178 restitnit,
635 3096 803 3183 expectari
833 3096 947 3184 possit.
1007 3117 1090 3184 qnee
1120 3119 1193 3164 cum

144 3214 190 3281 ite
211 3213 293 3296 sint,
316 3211 411 3278 etiem
433 3211 460 3278 si
481 3211 582 3278 multe
596 3212 726 3298 singule
747 3212 973 3279 commutends
990 3221 1074 3296 sunt,
1096 3213 1191 3280 etiem

144 3331 188 3394 ri·
204 3330 245 3396 de
274 3329 431 3396 librorum
461 3329 599 3396 duorum
627 3329 744 3417 quibus
772 3331 806 3396 in
835 3327 963 3411 Getullo
993 3331 1192 3398 recensendo

145 3447 374 3514 Leohmennus
395 3447 569 3533 praecipue
589 3468 666 3513 usus
687 3458 737 3513 cst
757 3447 948 3513 auctoritate
968 3448 1076 3535 paullo
1099 3449 1193 3517 eliter

144 3574 242 3652 etque
262 3562 493 3630 Leolrmenune
513 3563 590 3629 fecit
610 3561 816 3630 indicendum
839 3573 872 3630 et
894 3563 997 3652 primo
1019 3566 1089 3632 loco
1112 3565 1193 3632 liber

144 3679 436 3767 Sengerruenensis
462 3702 547 3744 enno
568 3703 731 3748 ecoocxxv
753 3680 905 3768 scriptus,
936 3702 1001 3768 quo
1030 3681 1193 3768 antiquior

143 3819 207 3862 nou
237 3797 314 3863 dum
340 3809 490 3884 repertur
518 3806 584 3880 est,
616 3807 745 3884 prester
772 3808 898 3864 ceteros
919 3799 1020 3864 libros
1042 3797 1192 3885 religiose

142 3913 364 4003 respiciendus
392 3927 459 3998 est,
488 3912 587 3980 nihilo
619 3925 728 3980 temen
758 3914 864 3983 miuus
894 3913 1095 3981 Lechmenni
1128 3917 1192 3981 edi-
