2950 4480
995 321 1171 392 XXVIIII

255 525 346 606 Quot
367 523 505 592 sohodao
527 525 563 590 in
578 524 755 610 arohotypo
771 525 895 591 fuorint
908 525 1006 593 hodio
1021 547 1088 594 non
1102 527 1171 596 iam

151 653 303 712 noourato
324 644 488 728 explorari
511 651 627 728 potest,
649 645 712 710 atsi
732 645 767 708 in
782 643 877 710 libris
891 646 1015 712 uostris
1029 647 1172 732 uestigia

152 786 218 831 non
240 763 419 830 admodum
440 783 545 852 pauoa
566 761 689 830 adsunt
709 761 829 846 quibus
853 763 987 848 singnis
1008 765 1169 848 quasdam

152 886 218 950 huo
232 886 413 969 spootsntia
426 885 662 952 inlustrantur.v
695 882 1027 968 honojqunostionom
1042 885 1170 968 primus

150 1005 307 1072 traotauit
327 1005 580 1083 Laohmanuus,
609 1005 665 1088 qui
687 1025 758 1070 rom
780 1011 848 1070 tam
871 1011 959 1070 oorto
981 1004 1170 1087 explorasse

149 1124 215 1190 sibi
241 1125 336 1192 uisus
363 1133 414 1190 ast
440 1132 478 1190 ut
504 1144 660 1190 numeros
686 1123 884 1208 paginarum
906 1122 1114 1208 singularum
1136 1130 1171 1190 ot

148 1264 308 1310 uersuum
330 1243 538 1330 singulorum
560 1244 637 1311 libri
658 1244 729 1310 aius
751 1242 840 1309 undo
858 1242 937 1309 libri
951 1264 1041 1311 nuno
1054 1265 1168 1328 supar-

149 1362 245 1430 stitos
272 1361 402 1428 daduoti
430 1365 571 1430 suntin
597 1362 750 1429 editionis
778 1383 858 1429 suaa
885 1363 1091 1447 marginibus
1112 1363 1169 1431 ad·

83 1457 87 1464 ⁴
147 1481 292 1548 aoribsro
323 1483 404 1549 satis
437 1481 579 1548 haberat.
638 1492 809 1566 praetores
840 1481 882 1548 ad
914 1482 1058 1550 oaloqua
1091 1505 1169 1558 suos

149 1601 290 1667 tuendos
305 1601 391 1668 nihil
405 1602 491 1668 fsoit.
517 1601 635 1670 statuit
649 1612 759 1669 autom
775 1601 1010 1668 Iauolimannus
1024 1601 1168 1669 uodioem

148 1721 247 1786 illum
269 1721 717 1804 prinoipem-signifioauit
737 1740 803 1785 non
827 1719 972 1786 oodioom
995 1741 1093 1806 quom
1107 1743 1169 1790 uos

148 1839 300 1904 diximus
327 1837 560 1924 arohotypnm,
595 1837 653 1904 sod
686 1858 903 1906 uorouonsem
936 1859 1058 1924 magno
1090 1861 1169 1907 suaa

147 1961 252 2046 ipsius
275 1959 458 2024 sententiao
476 1956 683 2024 inoommodo
695 1995 736 2007 -
747 1957 885 2043 paginas
899 1979 1058 2028 uersuum
1073 1960 1169 2026 trias·

149 2101 268 2144 norum
292 2079 500 2161 septuaginta
525 2099 584 2144 sax
606 2079 815 2147 continuisse.
848 2100 971 2146 munus
984 2081 1169 2147 sententias

148 2197 357 2264 Lachmanni
369 2196 582 2280 oxpiioondao
593 2205 627 2264 ot
637 2196 1033 2282 dsiondondaoHauptius
1044 2209 1168 2282 quaest.

148 2324 210 2384 oat.
232 2337 264 2400 p.
286 2315 330 2383 38
350 2337 398 2400 sq.
427 2317 581 2400 ausoopit.
630 2323 745 2400 postao
771 2315 920 2402 Hoysius
947 2315 1022 2382 odit.
1050 2339 1081 2405 p.
1104 2313 1169 2384 279

116 2447 122 2456 “
148 2435 357 2503 Laohmauni
378 2435 562 2504 rationibus
583 2435 765 2519 inprobatis
780 2457 893 2502 uorum
907 2458 965 2521 poi·
979 2436 1073 2520 prius
1090 2437 1167 2502 libri

148 2555 320 2623 oatulliani
342 2554 517 2622 dimidium
540 2553 805 2621 distributionem
826 2555 1025 2641 paginarum
1046 2565 1080 2622 at
1093 2577 1166 2624 uar-

148 2697 249 2742 auum
270 2695 305 2742 so
327 2675 546 2760 inuestigasso
565 2673 659 2752 dixit,
682 2673 740 2740 sod
755 2675 864 2760 qualis
878 2674 980 2742 fuerit
992 2697 1059 2742 non
1074 2675 1168 2742 dixit

148 2815 255 2880 noque
298 2795 389 2862 solus
432 2793 579 2880 Haysius
621 2794 827 2862 Lachmanni
870 2794 1168 2862 dinumerationem

145 2916 269 2982 roiooit.
306 2923 346 2983 ιιι
366 2913 408 2981 da
427 2913 618 2981 Froshnaro
638 2914 753 3001 philol.
775 2914 922 2982 11111572
943 2916 1030 2982 nihil
1051 2917 1168 2996 diuam,

147 3033 315 3117 Bergkins
342 3053 470 3118 quoquo
498 3055 581 3100 mus.
604 3032 695 3100 rhan.
717 3047 760 3094 xv
782 3033 846 3100 507
875 3056 941 3100 non
969 3035 1064 3102 nulla
1084 3055 1168 3119 quaa
1228 3067 1237 3076 ·

148 3152 191 3220 ad
219 3152 305 3219 hano
333 3154 561 3235 quaestionum
587 3159 738 3236 apostant
769 3161 883 3220 oontra
914 3153 1167 3220 Laohmannum

147 3271 240 3340 diait
279 3271 420 3357 donique
433 3271 647 3338 PBoahmins
661 3294 715 3357 qu.
731 3279 792 3338 oat.
807 3293 836 3356 p.
853 3271 959 3338 2-23
979 3271 1056 3338 data
1070 3293 1168 3362 opera

146 3565 193 3618 pro
210 3547 387 3604 maltum
403 3557 431 3603 aa
446 3565 479 3608 Vi
497 3547 548 3604 88⁶
565 3549 764 3607 mumma·
774 3567 821 3620 pro
832 3549 1028 3606 nantuato
1045 3561 1072 3605 at
1083 3551 1168 3606 Inoi-

146 3651 265 3688 auanuum
282 3635 314 3688 ad
331 3637 358 3690 h.
375 3637 393 3690 l.
411 3653 437 3706 p.
454 3635 515 3692 370.
550 3637 659 3706 quodam
679 3637 754 3690 modo
775 3637 887 3690 insertus
908 3655 964 3690 aum
985 3655 1045 3690 uum
1066 3638 1168 3692 littam

147 3721 201 3774 iat
219 3729 228 3771 t
245 3729 274 3772 at
291 3719 302 3772 1
317 3737 394 3790 saepo
416 3723 485 3776 iutar
506 3740 534 3776 so
556 3731 722 3776 eommutataa
744 3740 821 3790 supra
840 3742 866 3792 p.
884 3723 958 3776 XXV
980 3741 1025 3777 suo
1046 3723 1102 3776 looo
1119 3725 1170 3778 siut

146 3805 301 3860 aulonam.
336 3807 422 3860 notaio
438 3808 507 3860 onim
524 3825 557 3860 au
574 3808 666 3860 uastius
683 3807 725 3859 iiio
741 3809 901 3874 npouaudao
919 3809 981 3871 sint,
998 3807 1094 3878 quippo
1111 3825 1168 3862 oum

144 3889 1167 3962 ιικιιριιηωριιιιιιιιοιιιιιριιοιιωμιιωιιιιωιιαωω.
