2970 4484
297 283 346 336 288
497 284 572 336 vnn
607 283 653 336 DE
671 283 829 336 CAESARE
847 285 893 336 ET
910 285 1140 340 causamme

296 457 328 514 et
359 447 529 536 prudentia
562 459 594 514 et
625 449 845 516 moderatione
876 451 1110 540 clementiaque
1144 451 1340 535 admirabili,

294 565 483 654 placabilem
512 588 608 654 quam
638 569 756 632 iratum
783 591 818 632 se
843 568 999 656 praebere
1027 568 1141 635 maluit
1162 591 1226 636 non
1248 571 1339 656 igno

293 707 369 751 raus
390 684 606 752 beniuolentia
623 686 771 752 inmerita
785 685 908 752 animos
922 685 1086 752 hominurn
1105 686 1337 752 inimicissimos

293 813 327 868 et
346 802 562 870 ferocissimos
582 805 684 870 multo
705 805 830 870 facilius
851 827 947 892 quam
971 806 1143 870 seueritate
1164 805 1337 871 iustissima

292 920 379 988 flecti
393 921 507 987 solere.
543 919 651 1009 itaque
668 921 796 1008 hospitii
813 923 883 988 iure
902 945 978 988 usus
994 931 1026 988 et
1042 921 1259 988 familiaritate
1272 944 1338 1010 qua

292 1049 478 1126 compatre
501 1037 622 1105 Catulli
645 1037 901 1126 coniungebatur
927 1039 1028 1104 filium
1048 1039 1107 1105 sibi
1129 1039 1336 1120 reconciliare

290 1154 423 1222 studuit.
467 1179 563 1245 quem
592 1178 656 1245 quo
685 1157 905 1222 uehementius
928 1179 1000 1222 cum
1020 1155 1168 1222 Caesaris
1189 1155 1334 1243 benigni·

289 1283 340 1340 tus
372 1297 438 1339 non
467 1275 611 1360 expetita
631 1275 783 1341 monebat
804 1285 872 1340 tum
894 1284 986 1361 pater
1006 1274 1155 1362 precibus
1176 1272 1335 1360 fatigabat

290 1413 331 1457 ne
351 1390 643 1458 reconciliationem
667 1415 740 1456 oum
767 1414 885 1478 magno
915 1393 1103 1458 detrimento
1132 1399 1165 1456 et
1191 1389 1333 1479 periculo

289 1509 458 1596 utriusque
478 1510 527 1574 sui
549 1519 727 1591 recusaret,
749 1533 786 1575 eo
808 1511 974 1596 magisne
996 1510 1124 1596 pietatis
1144 1518 1178 1574 et
1197 1509 1332 1596 pruden-

288 1623 354 1690 tiae
382 1624 497 1690 officiis
525 1625 789 1692 inconsideratius
818 1624 944 1692 deesset
974 1625 1035 1692 sibi
1064 1623 1243 1691 canendum
1264 1645 1332 1689 esse

288 1741 454 1820 intellexit,
476 1743 663 1831 praesertim
685 1765 758 1808 cum
778 1753 942 1810 uereretur
963 1765 1004 1808 ne
1026 1741 1164 1826 Caesar,
1187 1743 1214 1808 si
1235 1740 1332 1808 semel

286 1861 408 1926 frustra
433 1881 546 1946 pacem
576 1860 637 1928 sibi
666 1861 851 1942 obtulisset,
880 1861 914 1926 in
941 1870 1106 1949 posterum
1133 1858 1330 1946 inplacabilis

286 1975 381 2042 foret.
444 1975 505 2042 hac
534 1977 636 2064 igitur
666 1978 926 2044 reconciliatione
957 1977 1138 2044 necessario
1180 1977 1330 2043 effectum

286 2104 337 2160 est
362 2103 398 2159 nt
417 2091 566 2161 Catullus
592 2094 762 2161 Caesarem
789 2094 986 2162 carminibus
1010 2117 1132 2162 nexare
1159 2093 1328 2161 desineret.

284 2231 388 2298 neque
416 2221 540 2295 umen,
571 2221 607 2278 ut
634 2212 708 2278 illuc
726 2211 856 2278 redeam
878 2213 964 2278 unde
984 2221 1053 2278 tota
1073 2221 1185 2280 nostra
1205 2213 1246 2278 de
1268 2210 1327 2279 Oa·

283 2327 354 2394 tulli
375 2329 590 2396 satisfactione
609 2328 783 2416 disputatio
806 2329 952 2416 digressa
973 2338 1033 2412 est,
1053 2329 1114 2394 hoc
1135 2337 1231 2418 poeta
1252 2351 1272 2392 a
1293 2350 1327 2394 se

284 2446 446 2534 inpetrare
464 2446 569 2535 potuit
598 2457 634 2511 ut
655 2445 747 2530 ideo,
776 2445 852 2534 qnia
880 2469 953 2514 cum
975 2445 1116 2514 Caesare
1136 2445 1169 2510 in
1189 2445 1326 2534 gratiam

283 2561 423 2646 rediiaet,
445 2563 513 2629 eius
535 2564 723 2652 gregalibus
744 2572 902 2652 parceret.
945 2564 977 2630 in
1000 2565 1111 2653 primis
1130 2564 1327 2630 aMamnrra

282 2681 504 2767 persequendo
536 2681 689 2747 desistere
720 2681 832 2748 noluit.
889 2681 984 2747 simul
1015 2692 1142 2766 tamen,
1175 2691 1211 2746 nt
1239 2689 1326 2748 recte

281 2797 555 2885 Iungclanssenus
576 2797 675 2881 uidit,
696 2799 822 2864 ratione
844 2797 992 2865 Caesaris
1013 2797 1141 2882 habita,
1161 2800 1253 2864 cuius
1275 2797 1327 2862 de

281 2914 379 2982 decus
400 2938 473 2981 cum
494 2915 680 2982 Mamurrae
702 2915 858 2982 dedecore
881 2915 914 2981 in
944 2915 1105 3000 prioribus
1133 2914 1326 2981 carminibus

281 3034 513 3118 coniunxerat,
545 3055 659 3098 nerum
688 3033 783 3100 buius
811 3055 927 3100 nomen
954 3055 1021 3098 non
1048 3030 1235 3120 usurpauit,
1269 3029 1325 3098 sed

279 3147 445 3218 Mentulae
465 3172 583 3216 nomen
604 3150 703 3237 elegit
726 3171 789 3238 quo
811 3150 976 3215 inimicum
1004 3151 1068 3215 iam
1094 3149 1324 3236 insequeretur.

279 3289 363 3356 quae
384 3269 411 3334 si
432 3277 520 3333 recte
540 3266 706 3355 disputata
727 3277 818 3351 sunt,
844 3267 935 3333 uides
963 3266 1105 3333 carmina
1126 3267 1245 3355 quibus
1266 3266 1324 3334 Ga·

276 3386 378 3452 tullus
408 3383 572 3452 Mentulae
603 3387 733 3451 nomine
765 3407 841 3451 usus
871 3386 905 3450 iu
935 3383 1132 3452 Mamurram
1162 3384 1324 3452 inuehitur

279 3525 364 3569 enno
395 3503 512 3580 70οΙ54
541 3502 665 3590 scripta
694 3523 774 3568 esse.
828 3512 953 3567 tantum
986 3500 1026 3566 de
1059 3500 1226 3567 Mamurra
1254 3503 1322 3566 siue

277 3621 435 3688 Mentula.
475 3620 603 3686 tandem
625 3621 657 3686 in
679 3621 739 3686 hoc
760 3620 866 3708 capite
884 3619 991 3685 omnia
1005 3618 1148 3686 carmina
1163 3639 1247 3706 quae
1261 3616 1320 3685 Ga·

276 3737 373 3804 tullus
393 3740 426 3804 in
447 3737 619 3806 Caesarem
642 3747 675 3804 et
697 3737 907 3804 Caesarianos
934 3738 1063 3826 scripsit
1087 3735 1318 3824 explieauimus
1445 3773 1447 3843 l

1444 3857 1446 3921 l
