3002 4490
348 383 401 436 ΧΠ
435 383 484 436 nn
502 381 609 436 omns
626 381 829 436 nonnionem
847 382 1000 438 'convolo
1150 384 1200 434 177

147 569 238 616 nana
265 549 434 616 oblocutus
463 557 520 616 ost.
563 545 754 616 Satrachum
782 549 919 616 fluuium
946 547 1048 636 Cypri
1075 547 1199 616 insulae

148 666 214 730 hoc
233 664 306 731 loco
332 664 496 733 Catullum
515 665 698 732 nominasse
712 667 919 734 Weiohertus
939 665 1012 752 (rel.
1027 673 1112 753 poet.
1126 662 1199 730 Lao

149 805 180 870 p.
202 781 342 866 179,18)
365 783 488 870 primns
510 802 551 846 ex
566 781 708 848 Tnotnae
728 781 770 848 ad
785 781 1007 870 Lycophronis
1027 781 1123 848 Alex.
1138 780 1201 846 448

149 895 357 964 enarratione
373 888 562 982 (Σότραχος
574 889 671 974 πόλις
692 897 747 964 καὶ
767 893 915 980 ποταμός
935 889 1086 984 Κύπρου.
1116 894 1201 974 ruric

149 1012 192 1080 di
220 1004 276 1080 duci
299 1019 360 1080 rori
378 1021 395 1082 is
413 1006 580 1102 γράφουσι
600 1010 772 1102 Σέτραχον)
803 1015 1045 1082 demonstrauit,
1087 1023 1200 1101 postea

149 1130 316 1218 Hauptiua
346 1151 462 1196 nomen
496 1131 574 1196 iliud
606 1131 799 1197 testimoniis
831 1132 957 1198 duobus
988 1130 1058 1198 aliis
1090 1129 1200 1198 Nonni

148 1247 421 1333 Dionysiaoorum
444 1270 499 1312 xro
520 1247 582 1312 459
603 1257 636 1314 st
656 1247 864 1336 etymologici
885 1248 995 1334 magm
1016 1271 1048 1335 p.
1066 1246 1134 1331 117,
1159 1247 1199 1314 39

146 1365 233 1430 hene
262 1362 398 1430 muniuit
428 1363 522 1430 simul
552 1363 631 1430 scite
660 1363 819 1432 adnotans
848 1363 1012 1432 Catullum
1040 1362 1199 1446 Satrachi,

146 1480 240 1548 fluuii
261 1477 390 1568 Cyprii,
423 1502 487 1546 non
517 1482 586 1546 sine
607 1481 754 1546 acumine
777 1481 916 1569 quodam
938 1481 1134 1547 mentionem
1155 1481 1199 1546 fe·

147 1599 247 1680 cisse,
276 1595 405 1685 quondo
434 1597 565 1684 quidem
594 1595 635 1664 de
658 1595 780 1685 Cypria
800 1596 944 1684 Zmyrna
973 1597 1041 1663 siue
1064 1595 1200 1686 Myrrha

148 1713 275 1784 Cinnae
296 1735 424 1780 manen
446 1713 552 1780 fuerin
594 1713 626 1780 in
649 1735 703 1779 eas
724 1713 808 1802 ipsas
821 1713 924 1800 igitur
948 1713 1097 1800 regiones
1119 1735 1199 1801 quas

147 1829 255 1900 Cinna
269 1831 412 1896 carmine
431 1831 485 1896 illo
505 1830 718 1898 celebrauerit
740 1829 903 1898 Catullum
917 1830 1069 1917 augurari
1085 1829 1198 1917 Zmyr·
1298 1876 1301 1882 -

145 1971 223 2014 nam
244 1948 378 2014 missum
400 1946 449 2012 iri.
494 1945 639 2014 Paduam
655 1945 737 2013 Padi
759 1945 851 2014 flurrii
874 1948 991 2013 ostium
1012 1968 1084 2012 csse
1099 1947 1199 2037 quod-

147 2063 223 2130 dam
235 2064 300 2130 iam
307 2062 434 2151 pridem
442 2062 606 2130 Robertus
617 2063 722 2132 Titius
733 2064 847 2148 (locor.
860 2075 1006 2132 controu.
1022 2089 1045 2130 x
1059 2065 1124 2151 3p.
1137 2064 1197 2130 251

148 2179 491 2268 eiaasertionisp204)
500 2203 542 2246 ex
550 2179 686 2268 Polybio
696 2183 731 2266 (u
744 2181 894 2269 16p.lli,
904 2179 1199 2269 noniodhpexit:

147 2293 167 2366 o‘
188 2297 226 2364 dd
239 2288 355 2374 nudor
376 2293 521 2378 σχίζεται
537 2293 587 2374 cic
602 2285 662 2362 odo
674 2295 758 2384 μέρη
772 2293 858 2364 roasi
869 2293 944 2373 roric
957 2318 1200 2383 προςαγορευο-

145 2413 263 2496 μένους
278 2404 513 2500 Τριγαβόλονς.
540 2403 662 2481 τούτων
674 2412 714 2480 δὲ
727 2409 765 2480 ad
780 2412 840 2494 μὲν
853 2411 964 2499 i'rcpov
978 2405 1085 2494 στόμα
1099 2433 1199 2499 προς-

147 2522 344 2612 ονομᾶζπαι
357 2521 483 2609 liuddo,
498 2525 536 2598 ro*
548 2529 584 2598 dd
598 2523 842 2616 deposcam.
872 2531 913 2597 of.
934 2529 1031 2597 etiam
1044 2529 1131 2596 Vibii
1143 2527 1200 2596 Se·

148 2649 270 2736 quesiti
281 2646 521 2737 pnooberlin.
545 2648 664 2716 Podoa
675 2649 932 2714 GalliceoPcdo
944 2646 1035 2712 dicto
1057 2647 1199 2712 itaenim

147 2765 305 2834 librorum
321 2765 481 2852 scriptura
494 2767 603 2831 Padus
617 2765 669 2831 uel
683 2765 818 2830 Padano
832 2763 1034 2830 emendanda
1055 2773 1113 2839 est,
1134 2785 1199 2831 non

149 2903 223 2950 cum
253 2879 422 2948 Oberlinio
452 2881 486 2946 in
512 2880 643 2946 Pcdoac
672 2881 726 2946 uel
753 2903 826 2946 cum
854 2881 987 2967 Vngero
1012 2881 1045 2947 in
1070 2881 1201 2946 Padusa

149 2997 206 3086 (de
228 2997 325 3086 Valg.
347 3021 378 3086 p.
399 2997 462 3063 252
489 2999 530 3064 de
550 2998 634 3064 Tan.
655 2997 750 3065 Gom.
773 3021 804 3084 p.
827 2997 882 3079 17)
908 2997 1073 3064 mutanda.
1118 2997 1202 3064 hanc
1289 3059 1305 3084 ,

149 3115 192 3184 ad
214 3113 361 3182 Paduam
383 3114 537 3203 qnoniam
552 3112 679 3181 Volusii
702 3113 832 3180 annales
854 3113 1028 3178 morituros
1047 3134 1117 3179 esse
1140 3109 1201 3179 Ca·

148 3232 248 3300 sunus
280 3231 456 3320 praedicit,
490 3230 661 3298 Volusium
688 3231 782 3298 ilium
811 3229 894 3296 Padi
923 3227 1070 3296 adcolam
1100 3229 1201 3296 fuisse

150 3347 361 3438 iampridem
383 3349 579 3417 intellectum
609 3358 666 3416 esa
709 3370 817 3437 neque
837 3348 943 3414 minus
965 3357 1113 3435 apertum
1136 3346 1200 3412 Vo-

149 3465 223 3532 lusii
243 3487 361 3532 nomen
382 3464 545 3534 Catullum
573 3487 633 3553 pro
656 3487 733 3532 nero
755 3464 889 3532 Tanusii
911 3462 1041 3530 Gemini
1060 3463 1200 3530 finxisse.

150 3605 235 3670 qnae
256 3581 417 3649 sententia
436 3581 508 3648 loco
531 3603 573 3648 ex
587 3579 733 3648 Senecae
754 3581 966 3668 epistularum
987 3601 1032 3646 xv
1054 3581 1071 3644 l
1095 3579 1202 3665 (93)9

151 3723 182 3788 p.
203 3700 267 3768 495
293 3698 440 3766 Fickerti
468 3697 638 3784 desumpto
667 3695 780 3764 nititur
808 3685 898 3764 hoc':
918 3719 980 3764 noa
1008 3707 1070 3762 tom
1096 3697 1201 3762 multa's

150 3817 227 3884 ainsi
257 3815 446 3901 (Metronax
470 3812 694 3904 philosophus)
724 3818 818 3879 canis
845 3835 938 3901 quom
970 3813 1073 3900 ponsa
1122 3834 1200 3898 parr-

152 3955 254 4000 conmr
274 3955 415 4002 aarum
445 3932 524 4000 ider
545 3945 591 4000 ort
611 3943 638 3998 et
659 3931 781 4019 quoidam
802 3929 981 3998 laudandus
1001 3941 1088 4016 atque
1107 3927 1201 3994 1111711.
