2920 4492
386 353 439 422 mi
475 367 715 425 pannonicus
735 351 895 423 samnii
1132 373 1164 423 er

125 557 225 603 errare
236 537 343 626 igitur
362 541 420 604 trix
441 559 611 626 possumus
632 549 810 604 statuentes
832 559 917 604 anno
939 537 1057 616 mutua
1078 561 1163 604 amo-

124 677 187 720 rem
216 653 305 720 illum
329 657 470 720 maxime
499 655 636 739 arsisse,
670 657 729 720 etsi
753 655 881 720 minime
909 679 1066 742 negamus
1096 655 1163 720 eius

124 772 208 836 initia
238 773 301 837 iarn
333 795 418 836 anno
445 773 564 850 695159
590 783 623 837 et
654 773 721 837 eius
749 785 890 839 extrema
922 797 1006 838 anno
1036 773 1164 838 demum

122 889 232 968 697157
253 888 364 954 fnisse.
408 890 469 953 hoc
496 889 581 976 quod
613 890 814 979 repperimus
835 889 898 955 alia
921 911 1049 978 quoque
1071 913 1165 976 argu-

123 1005 281 1072 mentandi
305 1005 432 1071 ratione
455 1007 638 1072 confirmari
662 1009 747 1072 licet.
789 1028 930 1095 namque
945 1005 1067 1085 Clodia,
1090 1031 1163 1073 cum

122 1147 154 1189 se
174 1123 319 1192 aanlio
337 1124 497 1190 desertam
520 1125 654 1205 uideret,
675 1136 790 1190 utnon
812 1125 867 1190 diu
889 1133 1040 1190 cunctata
1062 1123 1103 1189 sit
1124 1126 1166 1190 ab

121 1241 171 1307 illo
188 1257 311 1331 poenas
335 1253 482 1332 repetere
503 1265 544 1306 ex
567 1243 615 1306 rei
635 1241 736 1328 ipsius
757 1251 872 1306 natura
894 1243 1048 1330 sequitur.
1092 1263 1164 1306 oum

121 1359 217 1447 igitur
242 1361 361 1428 mulier
388 1359 544 1426 iracunda
577 1357 669 1424 initio
698 1381 726 1423 a.
758 1357 874 1436 698t56
908 1359 945 1424 L.
977 1359 1165 1424 Atratinum

120 1475 215 1542 lilium
249 1477 290 1543 ad
323 1477 470 1544 anlium
503 1476 718 1541 accusandum
746 1476 914 1563 inpelleret
947 1487 979 1540 et
1005 1477 1163 1559 incitaret,

120 1615 178 1659 non
209 1594 264 1660 diu
294 1607 371 1660 ante
402 1595 464 1658 hoc
491 1604 617 1680 tempus
647 1594 687 1658 ab
716 1591 772 1658 illo
794 1594 920 1659 deserta
941 1615 1010 1658 esee
1030 1593 1163 1680 potuit:

118 1711 229 1776 iterum
262 1712 305 1777 ad
336 1733 456 1777 annum
487 1710 603 1787 uattm
633 1732 697 1797 quo
729 1711 842 1775 foedus
871 1711 1086 1797 interruptum
1115 1712 1165 1793 sit,

118 1827 270 1893 ducimur.
316 1829 458 1916 denique
473 1828 514 1894 ad
532 1827 667 1893 crimina
684 1826 801 1916 quibus
817 1825 932 1892 Clodia
947 1825 1091 1894 Caelium
1106 1827 1165 1892 cir-

118 1946 279 2011 cumuenit
292 1947 437 2010 animum
449 1943 605 2010 attendas.
621 1945 759 2032 primum
774 1944 859 2010 enim
872 1943 988 2010 Clodia
1002 1943 1164 2009 inimicum

118 2063 281 2148 perditura
294 2061 478 2128 adfirmauit
489 2083 562 2126 eum
573 2085 593 2126 a
604 2083 638 2126 so
650 2063 719 2148 ipsa
729 2080 844 2127 aurum
857 2061 1029 2149 sumpsisse
1041 2071 1077 2127 ut
1088 2062 1164 2126 Dio-

117 2201 187 2244 nem
210 2179 472 2246 Alexandrinum
493 2179 749 2245 interficiendum
772 2189 909 2262 curaret,
942 2177 1068 2261 deinde,
1091 2201 1164 2244 eum

117 2319 227 2362 aurum
249 2297 390 2363 reddere
410 2295 521 2378 nollet,
543 2318 669 2362 ueneno
691 2295 752 2362 sibi
772 2295 1057 2384 insidias'parasse.
1091 2319 1162 2361 curn

115 2434 191 2479 uero
213 2415 281 2480 Dio
313 2432 398 2480 anno
421 2413 535 2489 uersat
562 2433 580 2477 e
609 2411 677 2478 uita
698 2411 843 2478 sublatus
865 2415 924 2497 sit,
952 2413 1045 2478 facile
1072 2411 1164 2479 uides

114 2530 174 2595 hac
195 2551 331 2620 quoque
353 2551 388 2595 re
410 2542 551 2595 nostram
574 2529 792 2596 commendari
814 2531 1014 2597 sententiam.

173 2648 407 2736 Posteaquam
424 2669 581 2712 summam
595 2669 705 2712 eorum
718 2651 802 2736 quae
814 2648 853 2714 de
865 2647 980 2715 Clodia
990 2649 1164 2713 memoriae

114 2767 234 2832 tradita
255 2775 335 2830 sunt
354 2765 499 2830 breuiter
519 2763 668 2852 conplexi
692 2787 812 2848 sumus,
843 2765 1003 2853 reliquum
1024 2777 1108 2831 esset
1130 2775 1166 2831 ut

116 2905 248 2949 caussas
265 2883 533 2969 conquireremus
548 2881 665 2970 quibus
677 2878 797 2948 Catulli
810 2882 959 2948 Lesbiam
979 2895 1011 2949 et
1022 2881 1168 2949 Clodiam

115 3000 382 3090 quadrantariam
398 2999 532 3066 eandem
548 2999 647 3066 fuisse
658 2999 822 3066 mulierem
831 3001 1051 3088 probaremus.
1075 3011 1108 3065 at
1126 3000 1167 3066 de

114 3117 172 3183 hac
194 3141 232 3184 re
253 3119 290 3182 in
317 3115 540 3183 difficultatem
562 3117 724 3203 quandam
755 3119 960 3183 incurrimus.
1003 3119 1050 3183 ita
1080 3115 1164 3182 enim

114 3257 163 3301 res
175 3245 360 3324 conparata
371 3244 419 3300 est
430 3245 466 3300 ut
479 3257 541 3302 non
556 3235 648 3300 aliter
662 3235 702 3300 de
717 3237 855 3301 ueritate
866 3235 1070 3302 coniecturae
1081 3234 1166 3300 illius

116 3445 308 3454 ffl-

113 3597 135 3632 ι
154 3581 257 3646 698156
275 3579 396 3632 Caelium
415 3579 501 3646 ipsum
518 3577 552 3630 ab
569 3579 690 3630 Atratino
707 3579 763 3630 ulio
783 3584 937 3630 accusatum
955 3593 1013 3630 ease
1031 3585 1057 3630 et
1074 3579 1166 3630 eodem

114 3685 235 3744 ternpore
254 3673 378 3726 Caelium
397 3673 428 3724 L.
446 3673 565 3724 Atret'no
585 3675 654 3740 patri
670 3675 766 3725 iterum
784 3673 857 3724 litem
873 3674 1011 3734 indixisse,
1028 3672 1104 3724 nobis
1122 3673 1166 3723 ad-

114 3772 246 3822 sentietur
264 3772 379 3837 priorem
398 3768 481 3819 Caelii
498 3769 525 3818 in
543 3769 691 3819 Atratinum
710 3771 840 3820 actionem
858 3769 966 3819 exeunti
983 3783 1052 3818 anno
1071 3767 1166 3832 otili?

114 3863 330 3927 erminantibus,
348 3863 457 3913 exeunti
474 3877 543 3914 anno
563 3861 686 3925 diximus,
704 3863 766 3928 quia
782 3863 884 3927 Cicero,
903 3863 1017 3912 Atratini
1036 3860 1165 3918 defensor,

114 3973 204 4009 menae
224 3957 375 4025 Septembri
392 3955 496 4005 domum
515 3973 538 4008 a.
557 3957 654 4018 uariat
672 3971 705 4006 ex
723 3957 803 4007 exilio
821 3958 906 4006 rediit.

914 4040 966 4102 5*
