2920 4492
413 367 429 420 1
461 367 511 422 DE
527 365 722 423 Holmm
739 365 893 422 Ob'l'fflal
1143 369 1178 420 ἥ

128 527 759 624 ‘saemtptmmmt‘lsum'
795 533 1179 622 Veronmoatpoaea

129 653 294 741 quondm
315 653 475 722 Martialis
495 653 678 742 ep.1611
711 653 1181 739 Veroandoota'syllebosousut

129 775 221 838 usas.
263 791 375 838 omnes
394 769 495 860 igitur
515 769 571 859 qui
592 770 633 838 ‹le
654 771 715 838 bae
735 791 772 837 re
793 769 984 838 rettulerunt
1005 770 1180 858 scriptores

130 885 357 956 veronensem
378 911 451 955 asae
465 885 631 956 Catullum
646 885 826 955 adfirmant.
868 886 969 954 nihilo
988 885 1093 954 minus
1112 907 1180 952 non

129 1005 212 1072 nulli
230 1006 292 1072 uiri
309 1005 396 1074 (loeti
417 1007 449 1072 in
465 1003 627 1074 Sirmione
640 1005 831 1094 paeninsula
845 1004 878 1072 in
892 1003 1057 1072 Benacum
1071 1003 1178 1072 laeum

129 1133 327 1190 sxeurrmte
338 1121 503 1192 Catullum
516 1131 627 1190 natum
640 1145 712 1189 ease
726 1121 887 1205 dixerunt,
904 1143 1041 1211 quonum
1055 1129 1179 1190 senten

129 1239 219 1325 tim,
235 1261 333 1330 quam
350 1241 415 1309 ism
436 1241 513 1308 olim
532 1239 643 1330 Scipio
661 1239 812 1308 Maffeiua
824 1240 976 1307 Veronae
989 1238 1179 1308 inlustratae

109 1333 162 1424 ‘us
181 1351 223 1424 27
252 1359 320 1426 ullo
348 1359 556 1428 fundamento
586 1358 680 1426 inuiti
711 1367 799 1426 rente
826 1358 976 1448 negauit,
1006 1367 1116 1425 tamen
1146 1367 1180 1426 et

127 1473 292 1544 Bsabrius
314 1475 348 1542 in
370 1475 523 1542 historin
544 1475 724 1542 litterarum
740 1474 961 1544 Romanarum
984 1499 991 1542 ι
1005 1475 1069 1542 402
1089 1484 1123 1544 et
1136 1477 1178 1544 A.

128 1591 174 1662 G.
195 1591 369 1683 Zumptius
395 1593 428 1660 in
455 1591 621 1662 Leueohii
648 1590 804 1681 philologi
832 1615 876 1659 ιιι
898 1592 975 1678 lbi,
1005 1593 1099 1682 quasi
1126 1613 1178 1660 res

128 1720 218 1778 net
232 1709 412 1778 eortasius
425 1721 461 1783 ot
478 1711 565 1778 omni
583 1720 735 1800 exempta
748 1709 951 1792 dubitationi,
973 1731 1087 1778 seeum
1106 1730 1179 1799 pro

127 1837 306 1918 psgsmnt
348 1827 439 1918 atqui
460 1827 580 1895 dixerit
600 1825 769 1918 quispiam,
790 1827 984 1916 querelati
1004 1827 1085 1896 moti
1104 1837 1180 1894 aunt

128 1955 168 2014 nt
192 1943 357 2015 Sit-mione
379 1943 542 2014 (latullum
562 1955 674 2014 natum
697 1945 868 2014 dicerent?
888 1945 931 2012 sd
955 1967 1085 2012 eumen
1098 1965 1177 2012 xxxi

129 2072 322 2153 prouocant,
342 2085 407 2153 quo
421 2062 568 2133 Catullus
589 2085 632 2130 ex
645 2062 802 2153 Bithynia
819 2083 968 2130 reuersus
984 2061 1178 2130 Sirmionam

130 2179 323 2248 dulcissimis
348 2183 498 2251 uersibus
530 2181 712 2248 salutauit:
732 2181 790 2248 sed
817 2180 893 2247 iudo
914 2179 1001 2270 qnod
1028 2179 1178 2246 mominis

129 2295 215 2364 illius
235 2319 334 2365 uersu
353 2319 440 2366 nono
461 2295 609 2366 Catullus
636 2319 672 2364 ao
698 2297 740 2366 ad
759 2298 861 2364 larem
882 2319 975 2364 suum
996 2296 1124 2364 uenisse
1145 2305 1179 2362 at

131 2412 315 2482 desiderato
336 2413 544 2505 adquiescere
559 2415 644 2482 leoto
664 2413 719 2500 ait,
741 2413 858 2482 deinde
874 2415 961 2503 quod
983 2435 1080 2482 uersu
1101 2413 1178 2480 ‹luo-

129 2529 255 2598 daoimo
287 2541 320 2600 et
346 2530 556 2623 aequantibus
583 2531 777 2602 Sirmionem
806 2553 861 2600 ero
882 2553 1013 2600 reuerso
1035 2530 1178 2622 gaudere

129 2659 165 2717 at
184 2646 342 2740 quidquid
363 2649 451 2716 domi
470 2650 513 2719 sit
532 2649 760 2718 eaobinnorum
781 2649 889 2719 ridere
909 2651 1018 2730 iubet,
1040 2649 1179 2740 denique

130 2765 221 2858 quod
251 2766 403 2857 phaselus
431 2768 467 2836 in
494 2767 566 2836 laea
595 2769 726 2836 Benaco
754 2768 922 2836 reoonslita
947 2779 1039 2836 senet
1069 2767 1178 2858 quista

131 2885 188 2972 (οἱ
199 2909 240 2953 uu
250 2887 317 2975 25),
331 2885 437 2975 quiuis
447 2883 537 2953 uidet
549 2885 680 2952 minime
688 2885 779 2974 aequi
790 2885 971 2952 necessario
982 2894 1019 2951 ut
1032 2881 1179 2952 Catullus

128 3001 164 3069 in
185 2998 348 3070 Sirmione
373 2999 563 3092 paeninsula
592 3011 687 3070 natus
716 3003 779 3082 sit,
809 2999 867 3070 sed
885 3000 921 3068 id
941 3010 1069 3070 tantm
1088 3010 1178 3070 eorto

126 3115 192 3186 illis
220 3117 301 3186 loeis
328 3118 413 3186 effici
439 3129 476 3186 ut
497 3117 644 3186 Catullus
677 3118 899 3208 paeninsulam
926 3141 1061 3208 paruam
1091 3119 1179 3188 illam

126 3234 319 3324 possederit.
370 3235 433 3304 nisi
471 3245 580 3305 annm
618 3235 744 3304 idoneis
779 3235 979 3326 argumentis
1015 3235 1178 3306 Catullum

127 3349 293 3422 Simioue
318 3361 431 3422 natum
460 3375 532 3421 esse
553 3351 705 3422 adeunte
725 3363 822 3421 antea
843 3353 1098 3423 demonstratum
1118 3364 1178 3440 est,

126 3491 256 3538 mers
281 3470 377 3538 nabin
404 3491 471 3538 non
494 3468 570 3541 lieet
598 3491 654 3538 aus
683 3473 739 3560 qui
768 3469 931 3540 (lstnllnm
953 3471 1178 3541 Veronensum

126 3585 227 3656 fuisse
254 3586 407 3656 difflant
433 3589 608 3678 scriptores
635 3609 740 3680 aeque
767 3589 929 3658 honsione
955 3590 1082 3658 locutos
1108 3612 1178 3658 esse

126 3716 226 3796 atque
247 3705 278 3772 ai
300 3705 356 3793 qni
375 3703 573 3794 Vergilium,
605 3727 700 3794 quem
722 3707 756 3772 in
776 3729 864 3796 pago
886 3707 942 3798 qui
962 3707 1075 3775 Andes
1095 3705 1178 3774 dioe-

124 3825 222 3894 bstur
249 3833 365 3891 natum
392 3843 465 3890 essa
494 3823 634 3906 seimus,
665 3823 756 3892 urbis
786 3825 915 3892 uicinas
944 3845 1060 3892 caussa
1085 3823 1178 3891 Man·

123 3938 439 4030 ummsdpollm
452 3939 646 4009 meluerunt
687 3949 786 4033 atque
805 3963 847 4010 ne
860 3962 1032 4030 possumus
1046 3939 1178 4031 quidem
