2970 4484
746 1463 813 1548 XI

338 1673 459 1740 Postea
480 1694 577 1758 quam
599 1670 640 1736 dc
661 1672 826 1739 Varannio
849 1682 881 1737 ct
902 1670 1037 1739 Fabullo
1054 1669 1171 1737 Catulli
1193 1673 1305 1738 amicis

257 1791 510 1880 disputauimus,
544 1812 609 1855 ncn
640 1789 729 1856 nulla
761 1790 800 1855 dc
832 1789 874 1855 G.
894 1785 1022 1854 Licinio
1044 1786 1146 1854 Caluo
1168 1788 1305 1856 dicenda

256 1916 344 1991 sunt,
366 1907 422 1994 qui
443 1917 576 1994 propter
597 1906 760 1994 quandam
780 1904 901 1993 ingenii
923 1915 956 1970 et
976 1927 1102 1970 morum
1124 1927 1306 1992 congruan-

255 2025 334 2090 tiam
356 2033 388 2088 et
407 2024 586 2088 studiorum
609 2024 787 2088 litterarum
809 2021 1066 2087 communionem
1087 2021 1304 2088 familiaritate

256 2139 397 2208 maxima
417 2161 490 2206 cum
510 2151 608 2227 pocta
625 2139 806 2205 Veronensi
828 2139 1019 2205 coniunctus
1041 2137 1111 2204 fuit.
1154 2140 1216 2205 tria
1238 2162 1304 2206 aar

256 2257 342 2323 mina
363 2257 396 2323 in
414 2256 497 2323 libro
513 2255 697 2323 Catulliana
717 2256 828 2322 insunt
850 2278 932 2344 quae
947 2256 988 2322 cd
1003 2255 1142 2323 Caluum
1158 2255 1304 2323 Catullus

255 2373 397 2461 scripsit,
426 2397 524 2440 unum
552 2384 719 2461 praetcrea
739 2373 904 2440 inuenitur
924 2372 959 2439 in
981 2395 1045 2460 quo
1067 2370 1161 2440 Calui
1182 2374 1304 2439 mentio

255 2492 342 2557 facta
372 2501 430 2556 est.
473 2499 548 2556 sunt
576 2512 654 2555 ucro
681 2489 763 2554 hacc
786 2511 851 2554 xau
879 2488 930 2554 Ni
954 2502 981 2553 te
1006 2489 1076 2574 plus
1102 2490 1199 2555 ocutis
1225 2490 1305 2554 meris

256 2631 393 2673 amarem
416 2613 469 2672 mir
491 2607 567 2673 Risi
592 2613 693 2673 acacio
720 2629 806 2694 quem
827 2609 911 2672 modo
933 2629 949 2671 a
969 2629 1080 2672 corona
1102 2624 1124 2670 L
1146 2607 1304 2687 Hesterno,

256 2724 384 2807 Licini,
415 2727 467 2790 dia
497 2726 591 2790 ots'caa'
619 2744 768 2790 nxxxxvr
803 2722 839 2790 si
863 2729 1026 2810 quicquum
1056 2724 1151 2787 mutia
1178 2735 1304 2810 pratum

256 2853 451 2927 accepamae
470 2845 630 2927 sepulcris.

338 2957 474 3024 Caluum
496 2959 529 3022 in
551 2959 695 3023 intimam
715 2956 836 3023 Catulli
858 2957 1032 3022 amicitiam
1053 2957 1249 3043 peruenisse,
1271 2955 1304 3021 id

257 3076 343 3163 quod
361 3076 456 3141 modo
472 3074 621 3158 diximus,
644 3097 685 3139 ex
706 3075 854 3141 omnibus
875 3073 924 3138 hia
947 3071 1141 3139 carminibus
1163 3073 1304 3136 luculcn·

256 3203 306 3258 tar
332 3193 467 3280 adparet
488 3216 497 3255 r
519 3191 593 3258 uida
621 3191 665 3256 sis
693 3213 757 3256 xrar
788 3192 814 3254 1.
843 3191 865 3254 2
895 3196 928 3256 ai
956 3205 984 3256 tc
1007 3193 1076 3276 pltea
1105 3191 1201 3256 οοιιὶἰε
1230 3195 1304 3254 meis

255 3333 404 3392 amarem,
426 3307 644 3375 iocundissima
662 3308 754 3374 Galae
776 3327 798 3373 n
817 3309 864 3372 16.
882 3308 918 3371 17
948 3327 1003 3372 mu
1023 3307 1052 3372 3.
1081 3315 1169 3371 actas
1189 3307 1305 3371 utrius·

255 3447 320 3513 quc
348 3436 463 3514 poctaa
490 3426 517 3491 si
546 3435 760 3511 conparatur,
790 3422 936 3492 Catullus
959 3421 1062 3490 Caluo
1084 3422 1303 3510 quinquennio

256 3542 358 3608 maior
388 3552 466 3608 crat.
520 3541 641 3610 Caluus
674 3541 758 3606 enim
788 3539 828 3606 G.
858 3539 963 3606 Mario
996 3539 1062 3606 Gn.
1095 3539 1245 3605 Garbcna
1274 3563 1302 3604 ιιι

256 3681 337 3724 coss.
359 3659 402 3744 (a
424 3658 554 3744 672182)
578 3683 605 3724 a.
626 3659 657 3724 d.
681 3681 701 3722 v
723 3659 787 3724 kal.
809 3657 882 3724 Iun.
902 3667 1006 3739 natus,
1027 3667 1062 3724 ut
1077 3655 1200 3723 Plinius
1215 3657 1303 3739 (hist.

256 3785 361 3841 natur.
390 3797 431 3840 vu
460 3776 516 3861 49)
547 3787 678 3858 narrat,
714 3785 747 3842 et
778 3777 890 3864 paucis
919 3775 1009 3842 annis
1038 3785 1112 3862 post
1140 3773 1302 3840 Catullum

257 3903 360 3960 morte
381 3892 542 3960 inmatura
563 3915 648 3960 anno
668 3895 736 3958 fcra
757 3893 873 3971 706248
895 3895 1049 3979 abreptus
1068 3901 1118 3957 cst
1131 3892 1186 3974 (cl.
1204 3889 1302 3970 Quin·
