2954 4492
274 341 323 392 tro
573 337 597 388 V
630 337 679 388 DE
697 335 877 390 nucumve
894 335 1048 391 curvum

274 526 340 593 quo
364 503 495 570 nomine
517 527 537 570 a
559 503 691 570 Valerio
712 501 857 570 Maximo
880 503 1080 592 designatur,
1100 525 1136 568 re
1156 525 1236 572 uere
1256 513 1325 572 tum

276 620 403 688 Gellius
425 631 502 688 eret
545 620 656 708 itaque
676 619 714 686 L.
735 617 843 687 Gellio
865 620 959 709 patri,
980 643 1077 708 quem
1098 620 1183 687 circu
1203 643 1326 687 annum

275 739 392 805 aetatis
405 736 750 825 duodesexsgesimum
772 739 905 805 alteram
927 761 1063 805 uxorem
1081 737 1212 805 duxisse
1226 761 1326 825 supra

276 853 485 941 contegimus,
508 877 537 920 u.
553 853 670 932 696158
690 855 924 942 octogesimum
944 856 1054 943 agenti
1075 877 1194 922 annum
1216 877 1325 922 eemu-

272 971 324 1038 lus
345 970 544 1060 perniciosus
570 970 604 1037 in
631 968 706 1038 filio
727 970 900 1038 libidinoso
922 971 1127 1056 adoleueret,
1154 971 1189 1038 in
1215 994 1325 1061 quem,

274 1109 348 1156 eum
380 1097 528 1176 stuprum
561 1110 634 1154 cum
662 1096 765 1154 matre
792 1109 851 1155 sua
877 1089 983 1154 iecere
1014 1089 1199 1173 uideretur,
1231 1099 1325 1177 peter

274 1207 498 1294 quaestionem
521 1228 541 1272 a
560 1203 691 1270 Valerio
705 1203 850 1270 Maximo
873 1203 1022 1271 traditam
1045 1204 1193 1270 instituit
1215 1213 1325 1272 uuum

273 1323 313 1389 L.
328 1321 455 1390 Gellius
476 1321 559 1388 filius
577 1342 679 1407 usque
700 1320 741 1387 cd
762 1320 876 1386 incesti
896 1319 1054 1408 flagitium
1068 1323 1262 1408 processerit
1281 1345 1324 1388 au

274 1438 409 1527 suspitio
426 1439 527 1526 patris
541 1437 624 1504 falsa
639 1437 746 1522 tuerit,
768 1437 801 1502 id
815 1436 904 1526 quod
913 1436 1062 1504 Valerius
1076 1437 1240 1504 Maximus
1254 1461 1326 1506 nar·

275 1565 335 1639 rat,
356 1565 471 1622 nostra
490 1554 570 1622 nihil
584 1553 719 1620 interest
733 1553 823 1618 scire.
861 1553 972 1618 eedem
987 1553 1132 1642 suspitio,
1152 1554 1221 1620 siue
1235 1565 1325 1622 recta

275 1671 344 1738 siue
366 1672 448 1738 falsa
470 1681 549 1755 eret,
571 1693 635 1758 qna
656 1681 761 1737 motus
780 1669 878 1736 Gellii
893 1678 985 1758 pater
1006 1671 1227 1757 quaestionem
1250 1693 1325 1738 cou-

274 1787 335 1856 silii
360 1788 509 1855 senatorii
532 1787 564 1852 in
586 1789 688 1854 filium
709 1787 862 1872 instituit,
892 1785 1021 1854 Catullo
1043 1809 1174 1877 quoqne
1196 1788 1325 1855 suffecit

272 1915 309 1972 ut
331 1903 526 1972 carminibus
557 1903 771 1970 acerbissimis
798 1903 885 1970 idem
906 1903 1065 1992 flagitium
1087 1905 1324 1992 castigantibus

272 2022 435 2090 hominem
466 2019 605 2088 Lesbiae
637 2020 840 2086 insidiantem
871 2029 1127 2108 persequeretur.
1181 2031 1325 2088 ceterum

273 2139 421 2229 equidem
443 2139 483 2206 de
498 2135 597 2204 Gellii
617 2136 803 2203 innocentia
816 2136 949 2202 Valerio
960 2135 1105 2203 Maximo
1117 2137 1175 2203 uix
1190 2159 1324 2226 possum

273 2255 413 2340 credere,
435 2254 462 2322 si
477 2265 509 2322 et
524 2253 625 2323 Gellii
638 2275 745 2320 mores
761 2254 1034 2320 etauctoritatem
1049 2253 1172 2319 Valerii
1185 2253 1324 2320 Maximi

271 2371 373 2460 ipsius
404 2393 529 2438 meeum
562 2381 686 2460 reputo.
729 2393 806 2438 num
838 2392 910 2438 eum
943 2372 999 2460 qui
1022 2369 1125 2439 Cassii
1155 2380 1189 2438 et
1216 2371 1323 2454 Bruti,

272 2490 391 2577 quibus
417 2487 519 2554 fidum
548 2487 692 2554 animum
719 2497 752 2554 et
772 2487 917 2554 officium
944 2487 1128 2569 simularat,
1159 2487 1248 2553 uitae
1276 2489 1325 2554 iu·

272 2607 407 2674 sidietus
429 2615 525 2671 estet
540 2627 736 2693 quamquam
754 2626 879 2692 poenae
900 2603 1088 2670 remissione
1105 2601 1155 2669 bis
1171 2602 1323 2670 inmerito

272 2733 407 2811 accepta
435 2733 543 2789 tamur
565 2721 707 2810 perfidus
736 2722 776 2789 ad
807 2719 980 2788 Octauiani
1001 2730 1034 2787 et
1055 2720 1191 2787 Antonii
1212 2730 1323 2809 partes

271 2839 420 2922 transiit,
452 2838 637 2927 putabimus
664 2839 794 2904 omnino
821 2839 1026 2904 innocentem
1052 2837 1085 2903 in
1112 2837 1322 2924 suspitionem

273 2954 439 3044 parricidii
460 2964 494 3020 et
512 2955 657 3022 incestus
684 2953 822 3020 materni
850 2953 1011 3021 uenisse?
1054 2954 1203 3044 equidem
1224 2955 1322 3021 ualde

272 3071 306 3138 iu
329 3094 400 3138 eam
423 3072 617 3138 sententiam
639 3070 757 3138 inclino
778 3081 815 3137 ut
830 3070 997 3137 Valerium
1017 3069 1208 3155 Maximum,
1229 3072 1322 3138 cuius

272 3187 352 3255 fides
379 3188 490 3255 multis
519 3187 552 3254 in
580 3187 676 3254 rebus
706 3187 801 3254 ualde
830 3188 928 3254 dubie
956 3199 989 3254 et
1018 3199 1167 3277 suspecte
1188 3199 1256 3272 est,
1288 3189 1324 3254 in

271 3305 416 3374 fontibus
443 3307 510 3372 suis
536 3305 718 3393 repperisse
744 3305 783 3371 L.
805 3301 949 3371 Gellium
981 3305 1144 3392 parricidii
1167 3315 1200 3372 et
1220 3305 1323 3394 stupri

273 3443 347 3487 cum
376 3445 519 3490 nouerca
549 3419 711 3487 commissi
741 3429 925 3488 accusatum
955 3443 975 3486 a
1005 3421 1137 3488 oonsilio
1160 3423 1323 3489 senatorio

272 3539 447 3604 liberatum
474 3561 543 3605 osse
565 3548 662 3626 atque
683 3537 759 3605 inde
787 3559 845 3603 sno
874 3537 970 3603 modo
1000 3549 1032 3604 et
1056 3539 1088 3605 in
1119 3541 1324 3608 commodum

277 3675 371 3720 sunm
392 3677 462 3720 rem
476 3656 684 3721 exornauisse
700 3665 818 3743 putem.
860 3656 907 3721 rei
922 3664 1028 3721 autem
1044 3655 1247 3724 absolutione
1261 3657 1323 3723 illis

276 3772 476 3858 temporibus
507 3771 574 3838 eius
606 3772 826 3838 innocentiam
855 3773 984 3838 minime
1017 3773 1149 3860 probari
1179 3774 1323 3862 potuisse

273 3908 337 3956 non
355 3887 503 3976 estquod
519 3889 701 3954 adcuratius
716 3910 903 3978 persequer.
932 3900 1061 3977 praeter
1077 3891 1234 3956 incestum
1249 3913 1322 3957 cum
