3002 4490
136 358 215 414 mn
250 359 297 414 DE
314 357 453 414 muto
469 355 662 424 'resumo
679 357 726 411 El*
742 355 843 412 mets
862 355 1105 412 AVRVNGVLEIA
1134 361 1185 414 ³89

137 551 235 618 qnam
255 527 430 604 Manlium
458 523 556 592 liliam
575 525 684 592 fratris
706 527 755 592 sui
777 525 931 613 patruelis
956 525 995 592 Τ.
1016 525 1184 614 Torquati,

135 645 169 712 in
195 644 435 712 matrimonium
463 642 595 710 duxisse
624 643 751 709 scimus.
808 653 949 710 ceterum
981 644 1062 710 haec
1100 663 1185 732 quae

135 762 178 828 tle
206 771 313 829 aetate
343 761 384 828 Α.
412 759 572 848 Torquati
604 759 812 826 disseruimus
845 760 990 848 epistulis
1030 769 1185 848 quattuor

136 878 194 964 (ad
222 875 323 946 lamii
354 899 386 944 rt
420 877 548 964 1-4),
581 877 699 966 quibus
731 873 847 944 Cicero
878 878 1015 945 eundem
1048 878 1184 946 Athenis

136 995 295 1084 Pompeio
336 995 425 1062 nicto
466 995 593 1061 exulem
636 1015 721 1062 anuo
764 993 881 1072 tossen
922 994 1081 1060 consolari
1121 1003 1185 1059 stc·

137 1111 224 1196 doit,
253 1111 373 1201 optime
398 1113 640 1178 confirmantur.
688 1133 763 1178 oum
791 1112 875 1176 enim
905 1131 947 1178 ex
976 1111 1184 1200 epistularum

136 1229 250 1297 herum
273 1241 309 1296 ut
329 1231 376 1297 ita
396 1227 501 1298 dicam
522 1228 634 1294 habitu
649 1225 840 1296 Ciceronem
854 1249 1006 1294 nonnum
1021 1229 1092 1294 uiro
1104 1229 1185 1295 mul·

135 1347 180 1414 tis
202 1347 292 1414 annia
315 1369 350 1413 se
370 1357 450 1412 natu
476 1347 600 1414 minore
622 1345 679 1412 sed
701 1367 774 1412 oum
797 1347 867 1411 niro
888 1345 947 1414 sibi
968 1347 1036 1412 fere
1057 1345 1186 1434 aequali

137 1464 344 1532 conlocutum
365 1483 436 1529 esse
457 1462 631 1546 uideamus,
652 1462 794 1529 rationes
816 1483 896 1550 quas
917 1459 1013 1528 modo
1034 1461 1187 1529 subduxi-

136 1593 213 1645 mus'
229 1577 326 1646 ualde
345 1579 622 1645 commendantur.
666 1579 698 1644 in
719 1577 830 1666 primis
850 1578 903 1644 hic
923 1578 1011 1645 loeus
1027 1600 1091 1667 quo
1105 1578 1185 1644 ‘ror-

136 1705 273 1784 quatnm
294 1693 402 1761 Tullio
425 1704 532 1762 aetate
553 1717 726 1784 supparem
753 1695 853 1762 fuisse
876 1705 1092 1782 cognoscatur
1113 1717 1186 1762 oon·

136 1811 293 1878 sulendus
326 1821 375 1879 est
407 1811 463 1896 (ad
489 1811 565 1878 lam.
593 1834 625 1876 vt
648 1812 669 1877 4
689 1812 756 1896 4)=
785 1811 897 1878 danda
926 1811 1011 1900 quod
1039 1813 1118 1879 meisi
1140 1811 1187 1878 od

135 1929 377 1996 mutem
397 1951 556 1994 cosnmuae
576 1941 675 1994 tecm
695 1941 747 2012 est,
771 1933 877 1995 oium
897 1951 990 1995 socer
1008 1929 1055 1996 od
1075 1931 1187 1996 emtum

135 2049 235 2130 ntae,
261 2067 319 2112 nort
346 2046 386 2112 ub
410 2069 448 2111 eo
472 2069 508 2112 re
536 2045 660 2132 publica
687 2047 805 2112 wollar
839 2067 900 2133 quc
926 2049 1092 2112 carendum
1121 2067 1188 2113 esse

135 2163 273 2245 doleant,
299 2163 489 2248 praesertim
518 2183 586 2228 oum
615 2161 654 2227 id
678 2164 744 2228 sine
771 2163 837 2228 atto
861 2187 954 2229 seusu
978 2163 1121 2249 fastuum
1142 2169 1186 2228 sit.

136 2281 268 2346 dicunt
289 2282 383 2346 mom
403 2291 491 2346 caca
508 2290 536 2344 et
555 2291 626 2344 octo
645 2285 709 2344 tom
730 2281 807 2362 uita,
828 2301 907 2366 qaue
926 2303 993 2345 mam
1014 2303 1108 2346 cursu
1130 2303 1186 2346 eso

136 2397 212 2463 berre
233 2395 374 2494 confecto
395 2395 577 2472 delectatam,
607 2407 669 2461 tom
691 2407 772 2461 uetot
792 2400 824 2461 ia
845 2419 878 2461 eo
898 2397 962 2462 uim
982 2397 1088 2461 timere
1114 2419 1186 2482 qao

136 2537 212 2580 noa
243 2514 323 2578 ium
353 2525 496 2580 notura
527 2513 621 2598 ipsa
650 2535 781 2598 poene
804 2513 1049 2598 perduxerit.
1102 2533 1186 2579 anno

134 2637 244 2696 autem
267 2629 399 2712 709l45‚
429 2650 495 2717 qno
516 2627 632 2696 Oioero
653 2627 733 2694 haec
755 2627 893 2716 scripsit,
916 2628 986 2717 ipse
1006 2627 1131 2695 Tullius
1154 2639 1187 2696 et

135 2745 279 2814 Manlius
310 2747 425 2813 aetatis
456 2767 576 2812 annum
607 2744 845 2834 sexagesimum
876 2748 942 2812 iam
971 2755 1186 2813 excesserant.

135 2864 286 2931 uidemus
312 2863 414 2952 igitur
435 2861 611 2930 Krebsium
638 2871 708 2930 tota
736 2884 772 2928 rc
799 2885 939 2946 errasse,
972 2885 1046 2929 cum
1076 2862 1188 2929 niden·

136 2981 215 3048 dum
242 3001 313 3047 esse
344 2979 427 3047 dixit
456 3002 498 3046 ne
525 2981 620 3046 huius
639 2981 769 3069 nuptias
793 2979 939 3048 Catullus
968 2983 1110 3047 carmine
1132 2999 1187 3046 uxi

136 3098 360 3167 celebrauerit
413 3120 520 3187 neque
546 3096 586 3164 Τ.
613 3097 813 3185 Torquatum
846 3119 918 3163 eum
948 3119 1045 3186 quem
1073 3095 1189 3164 Cicero

136 3237 198 3306 pro
214 3217 373 3283 Deiotaro
389 3216 442 3300 (11
460 3215 516 3300 32)
530 3210 695 3304 ‘optimum
711 3205 964 3282 adulescentem’
976 3213 1157 3280 nominauit
1171 3233 1190 3278 a

137 3331 267 3400 Catullo
280 3333 488 3421 designatum
504 3353 575 3398 esse
586 3343 764 3420 temporum
775 3333 917 3398 rationes
927 3331 1059 3397 credere
1069 3330 1188 3397 sinunt.

138 3471 213 3516 nam
235 3450 356 3537 nuptiis
377 3449 463 3535 eius,
489 3449 545 3537 qui
566 3472 652 3517 anno
673 3449 792 3527 709i4b
812 3449 1000 3518 adulescens
1021 3447 1099 3528 luit,
1130 3447 1190 3514 Ga-

137 3565 254 3634 tullum
268 3567 451 3634 interfuisse
465 3587 585 3654 easque
599 3567 741 3634 carmine
756 3566 969 3634 celebranisse
987 3565 1190 3653 inprobabile

138 3693 197 3750 est.
251 3682 358 3772 itaque
389 3695 549 3773 quotquot
581 3681 720 3750 Manlios
749 3682 934 3770 Torquatos
968 3684 1190 3770 cognocimus,

137 3821 222 3866 unus
244 3799 332 3866 solus
353 3800 486 3887 reperiri
508 3821 603 3888 posse
625 3801 754 3868 uidetur
774 3799 865 3866 onius
885 3809 1033 3888 tempora
1053 3799 1099 3866 ita
1119 3821 1191 3865 cum

138 3915 332 3986 Catullianis
351 3928 537 4005 congruant
551 3927 587 3984 ut
600 3920 633 3984 in
649 3917 717 3985 eius
731 3919 885 3986 honorem
901 3917 1048 3986 Catullus
1063 3937 1193 3983 carmen

919 4018 961 4084 22
975 4020 993 4059 a
