2970 4484
254 349 305 399 188
455 345 532 398 vnn
566 347 614 400 Dll
631 344 790 400 CAESARE
807 348 854 402 Ml*
872 347 1107 403 causamme

251 520 284 578 et
303 510 342 578 L.
359 509 519 579 Marcium
541 511 726 602 Philippum
746 512 779 580 in
801 515 886 580 uillis
908 513 1095 582 Puteolanis
1115 516 1204 583 uisos
1226 537 1298 582 esse

249 627 395 696 narrauit
415 637 449 695 el
468 627 555 695 hisee
576 630 684 696 uerbis
706 651 769 717 quo
790 631 886 696 modo
907 625 1033 719 ‘hospes
1054 631 1106 698 ille
1128 627 1250 720 granis*
1263 655 1298 698 se

251 745 405 831 gessisset
426 744 617 834 descripsit:
638 747 695 812 ille
714 748 810 812 tertiis
823 748 1044 814 Saturnalibus
1064 749 1155 834 apud
1168 749 1297 836 Plslr'p·

248 886 324 949 pum
346 861 513 928 adlteruae
527 885 568 928 vn
590 885 643 928 ner
663 885 841 950 quamquam
862 865 988 930 admisit
1008 889 1016 930 ι
1037 869 1166 932 rationes
1187 865 1297 952 opinor

248 1003 319 1044 rum
343 979 452 1044 Raeto.
488 981 555 1044 iada
584 979 747 1044 ambulanti
765 984 796 1046 ιἰι
821 982 918 1046 litore.
958 994 1031 1067 post
1055 981 1164 1048 horam
1184 989 1238 1048 vlu
1260 983 1296 1048 ιἰι

248 1098 385 1162 tatarum
407 1119 414 1162 :
436 1106 495 1162 urm
516 1095 640 1162 audiuit
667 1099 704 1161 de
722 1095 888 1162 Mamurra
907 1121 918 1162 .·
938 1101 1052 1164 uultum
1073 1122 1132 1165 ιιοιι
1152 1099 1294 1165 mutauit.

248 1225 355 1278 ursulus
377 1225 434 1294 eat,
467 1213 624 1294 adcubuit,
653 1207 805 1298 ἐμετιιιὴν
834 1213 953 1302 ayrbat.
995 1211 1163 1281 Manutius
1194 1213 1295 1280 uerba

247 1331 386 1397 obseura
407 1331 526 1396 audiuit
546 1329 585 1396 de
603 1329 771 1395 Mamurra
791 1357 802 1396 .·
822 1354 882 1398 mm
899 1337 1024 1397 mutauit
1045 1323 1190 1415 (uiduam’
1211 1330 1294 1396 enim

248 1445 353 1512 omitti
384 1445 489 1530 iubet)
521 1444 563 1511 de
592 1444 758 1512 Mamurra
779 1467 797 1512 e
818 1445 891 1532 legs
922 1448 1126 1535 sumptuaria
1147 1445 1294 1512 sondem-

247 1571 334 1646 nato,
357 1562 445 1650 quod
458 1561 610 1628 iudicium
626 1561 745 1628 Caesar
760 1561 951 1628 auctoritate
966 1585 1024 1629 sua
1046 1562 1294 1646 confirmauerit,

246 1678 415 1745 intellexit.
456 1679 547 1744 euius
579 1680 764 1767 opinionem
794 1680 1003 1745 Drumannua
1035 1679 1202 1764 (historiae
1231 1679 1295 1746 Ra

247 1818 360 1862 manae
389 1818 420 1861 ιιι
448 1795 524 1879 738,
552 1795 607 1874 85)
639 1796 796 1862 refutauit
825 1797 893 1884 ipse
923 1795 1072 1862 Lambini
1101 1797 1295 1862 sententiam

246 1913 398 2000 probans,
420 1913 475 2000 qul
498 1910 617 1978 Catulli
637 1915 670 1978 in
686 1911 859 1981 Gaesarem
880 1924 913 1981 et
936 1913 1131 1980 Mamurram
1153 1913 1295 1980 earmina

247 2027 383 2094 coniecit
403 2029 538 2094 recitata
560 2049 648 2110 esse,
684 2051 768 2117 quae
790 2029 929 2097 dictator
950 2028 1042 2096 uultu
1064 2029 1240 2116 tranquilla
1262 2039 1295 2097 et

246 2165 350 2232 aequo
389 2145 495 2210 animo
535 2144 704 2211 undiusrit.
757 2145 814 2210 sed
849 2167 890 2212 ne
921 2147 983 2212 hae
1015 2144 1146 2235 quidem
1179 2167 1294 2212 uerum

246 2283 315 2326 esse
336 2271 452 2348 potest,
476 2262 629 2349 quoniam
651 2283 734 2350 quae
756 2285 841 2328 anna
864 2261 981 2338 709145
1003 2261 1126 2330 Catulli
1149 2263 1293 2329 samnius

245 2377 402 2466 probrosa
438 2378 567 2444 recitari
603 2388 778 2466 potuerunt
789 2429 798 2462 ‚
835 2401 874 2446 ea
910 2379 975 2446 iam
1007 2378 1129 2446 <ludum
1160 2379 1293 2448 Caesari

247 2493 379 2582 cognitu
410 2495 558 2572 fuerant,
594 2515 667 2560 eum
694 2495 842 2562 Catullus
874 2495 937 2562 iam
972 2505 1096 2584 septem
1131 2497 1183 2563 nal
1220 2507 1292 2563 octo

247 2611 337 2679 annis
355 2622 430 2679 ante
451 2623 597 2678 mortuus
616 2621 710 2694 esset,
728 2622 761 2678 et
778 2612 846 2678 sine
864 2612 931 2679 ullo
949 2613 1047 2680 dubio
1068 2613 1157 2680 loeus
1178 2613 1232 2679 ille
1253 2615 1293 2680 de

244 2750 349 2794 nouae
370 2738 496 2795 tantum
518 2727 565 2793 rei
586 2729 699 2794 nuntio
722 2729 867 2817 intellegi
891 2739 1006 2818 pateat.
1050 2742 1163 2797 eontra
1184 2733 1293 2797 omnia

245 2845 328 2912 bene
348 2868 384 2911 se
404 2844 534 2927 hebent,
556 2844 582 2910 si
604 2844 645 2911 (le
665 2845 849 2912 Mamurrae
871 2857 975 2913 marte
996 2871 1068 2914 cum
1089 2847 1292 2936 Nipperdeio

244 2961 299 3028 illa
322 2959 547 3048 intellegimus.
591 2983 674 3049 quae
696 2961 721 3028 si
737 2962 933 3051 probantur,
955 2962 1179 3030 Weiahertnm
1201 2962 1292 3030 uides

245 3081 294 3164 (in
315 3076 508 3145 lectionibus
529 3077 705 3145 Venusinis
725 3103 759 3168 p.
780 3080 853 3164 61),
882 3103 955 3146 aum
977 3079 1177 3146 Mamurram
1195 3081 1290 3163 huna,

244 3220 309 3286 quo
323 3207 469 3285 tempore
478 3195 634 3262 Horatius
645 3196 790 3285 quintam
802 3195 897 3285 primi
911 3197 986 3264 libri
999 3208 1141 3265 suturam
1152 3197 1290 3285 scripsit,

243 3314 339 3381 etiarn
361 3324 430 3380 tum
452 3312 572 3379 uixisse
593 3313 763 3393 coniceret,
787 3314 954 3381 errauisse.

324 3431 365 3496 In
394 3430 536 3496 carmine
561 3429 659 3518 igitur
689 3449 755 3496 uun
777 3427 925 3498 Catullus
953 3429 1070 3496 mirum
1099 3451 1290 3496 eonsensum

243 3569 308 3636 quo
331 3545 454 3614 Caesar
482 3556 514 3613 et
534 3546 700 3613 Mamurra
728 3548 762 3613 in
788 3546 920 3634 flagitiis
949 3545 1052 3613 omnis
1084 3545 1214 3633 generis
1244 3545 1291 3611 in·

243 3665 353 3754 signes
386 3671 496 3730 essent
528 3684 640 3730 seuere
668 3664 875 3753 uituperauit.
920 3686 959 3730 eu
986 3663 1087 3730 habes
1119 3671 1224 3728 tolum
1244 3663 1290 3730 ita

243 3794 281 3849 nt
302 3806 361 3849 nos
383 3781 512 3870 quidem
541 3781 716 3868 legendum
745 3791 778 3848 at
805 3781 1101 3869 interpungendum
1128 3803 1198 3846 esse
1219 3803 1290 3846 een·

242 3921 359 3967 semus.
