3002 4490
391 313 444 368 ΧΠ
478 313 527 368 DE
545 313 650 368 clm
669 310 873 368 HOR‘OENSIO
891 311 1044 365 relevem
1195 313 1243 364 m

194 503 249 548 var
273 483 313 548 10
332 481 377 566 2).
413 501 486 546 oum
507 481 608 566 igitur
628 479 723 546 etiem
746 479 909 546 erutiones
929 477 1107 562 Hortensii,
1128 477 1246 563 quibua
1320 555 1323 561 Ι

194 597 334 686 gloriam
354 607 470 664 neotus
491 607 540 664 eat
559 597 743 680 maximam,
766 597 798 662 in
814 595 1096 683 reprehensionem
1110 615 1245 680 grauem

196 711 388 793 inciderint,
420 723 542 802 quanto
571 713 644 801 plue
665 711 912 800 uituperationie
940 709 1116 776 uerendum
1139 718 1188 776 eet
1207 729 1248 774 ne

195 830 267 898 eiua
289 829 434 897 earmina
453 830 646 913 meruerint,
667 851 805 917 quorum
832 827 918 894 uitiis
942 827 997 894 uix
1023 827 1088 893 ulla
1119 826 1246 894 actione

197 946 343 1014 succurri
384 945 498 1035 potuit.
564 956 673 1012 tamen
713 943 934 1032 inpudicitiam
975 964 1039 1031 qua
1081 940 1245 1010 Horteuaii

197 1065 362 1146 earmina,
404 1073 441 1129 ut
483 1086 525 1129 ex
565 1061 676 1136 Ouidii
714 1062 853 1128 tristium
889 1085 908 1126 ιι
943 1061 1004 1126 441
1046 1083 1101 1127 neo
1147 1063 1246 1126 minae

198 1183 345 1247 Hnteaa'
361 1203 416 1246 aee
436 1189 505 1246 noa
521 1181 622 1244 manua
642 1181 766 1266 reprobo
780 1179 887 1244 meuc
906 1181 1048 1244 eormim
1070 1188 1102 1244 ot
1124 1199 1166 1243 ex
1183 1176 1246 1244 Pli-

197 1297 242 1363 nii
266 1297 476 1384 epistularum
498 1319 519 1360 r
536 1295 557 1360 3
577 1297 599 1360 5
620 1295 775 1379 uidemus,
797 1295 928 1361 infamia
941 1295 1074 1360 suerunt
1088 1292 1246 1376 Catullus,

198 1411 518 1502 quiaoripeit(xv15)
529 1435 600 1478 aom
615 1424 734 1478 oasam
747 1435 812 1478 eree
820 1414 903 1477 deret
913 1416 996 1498 piam
1002 1424 1128 1498 poetam
1137 1416 1245 1497 meum,

196 1529 362 1596 maculer
382 1529 459 1595 allel
478 1551 603 1594 aeeeeee
623 1540 683 1603 eet.
715 1527 901 1616 uituperare
921 1549 983 1592 non
1006 1528 1122 1616 potuit.
1162 1549 1246 1614 quae

198 1667 273 1712 oum
300 1647 347 1712 ite
374 1645 454 1727 sint,
483 1666 548 1711 non
576 1643 717 1712 abaurde
737 1665 836 1731 agere
856 1645 886 1708 ei
906 1643 1010 1710 uideri
1032 1654 1168 1731 poeaunt
1189 1645 1244 1730 qui

197 1762 368 1829 Horteneii
397 1762 541 1828 oermina
569 1763 741 1828 iuuenuate
760 1785 780 1827 a
802 1758 930 1827 Catullo
958 1782 1054 1827 uersu
1081 1761 1135 1826 illo
1164 1759 1244 1826 uitu-
1334 1749 1337 1756 ⁵

197 1887 313 1966 perata
343 1897 415 1943 esee
443 1877 634 1945 oonoedunt.
679 1887 712 1943 at
739 1897 846 1943 nonne
873 1877 914 1942 nd
944 1877 1080 1943 eundem
1106 1875 1245 1943 Horten

197 1994 281 2060 aium
311 1991 460 2061 Oatnllua
488 2015 618 2060 earmen
645 2013 714 2060 uxr
742 1993 814 2060 Etsi
837 2017 884 2060 me
910 1993 1048 2060 adsiduo
1074 1993 1245 2080 confertum

197 2135 275 2178 earo
307 2109 409 2178 dolore
436 2111 532 2177 aimul
560 2131 634 2176 euru
661 2111 802 2176 earmina
831 2129 909 2176 ιω
935 2109 1044 2175 Omm'n
1064 2112 1124 2196 qui
1141 2109 1249 2194 moeni

198 2228 332 2314 &eperat
364 2227 482 2294 nmina
512 2225 624 2292 maadi
652 2247 671 2291 e
701 2223 830 2292 Graeco
863 2223 1053 2292 Callimachi
1089 2244 1244 2291 oonuereo

198 2341 313 2410 misit?
333 2343 480 2431 profecto
494 2367 503 2407 r
525 2363 636 2409 omnen
649 2340 777 2428 quidem
791 2339 888 2406 hodio
902 2340 1116 2406 consentiunt
1145 2338 1244 2406 nihilo

197 2459 304 2526 minua
337 2457 517 2525 oenendum
548 2467 600 2524 eat
629 2477 671 2524 ne
701 2457 761 2524 hoo
790 2478 828 2522 re
856 2456 897 2523 al
927 2455 1118 2522 senteutiam
1148 2479 1244 2545 quam

197 2574 296 2642 modo
316 2575 358 2642 ‹le
378 2574 516 2642 dietioho
538 2573 687 2640 carminis
709 2592 849 2640 Lxxxxv
869 2574 970 2639 nitere
985 2574 1245 2640 commemoraui·

198 2713 272 2758 mue
301 2689 537 2778 infringendem
562 2700 684 2756 temere
709 2692 883 2757 abutamur
907 2711 945 2754 eo
968 2687 1082 2756 offensi
1102 2688 1190 2777 quod
1212 2689 1244 2756 iu
1294 2704 1298 2712 '

198 2806 342 2874 omnine
364 2827 433 2873 uxr
458 2805 607 2875 Catullus
634 2807 674 2874 ad
702 2807 915 2874 Hortensium
944 2807 1047 2873 amice
1073 2806 1245 2894 aeripuerit,

199 2935 316 2991 eontra
343 2924 377 2988 iu
405 2923 547 2990 earmine
579 2943 718 2990 uxxxxv
745 2923 873 2991 inimice
895 2945 968 2990 eum
987 2931 1175 3012 persecutns
1195 2923 1244 2988 eit.

197 3038 276 3106 nihil
298 3041 383 3106 enim
414 3039 449 3106 in
476 3041 617 3108 carmine
644 3059 713 3106 uxr
735 3042 834 3126 ineat,
856 3041 883 3108 ei
904 3039 1091 3127 diligentius
1112 3040 1244 3106 inuenti·

198 3177 330 3243 gamus,
362 3156 450 3247 qood
475 3156 661 3224 interiorem
682 3155 851 3224 Hortensii
877 3168 910 3224 et
930 3156 1050 3226 Catulli
1071 3156 1245 3224 amicitiam

197 3273 299 3340 initae
330 3272 443 3342 tentori
473 3273 582 3362 poeria
628 3297 704 3342 nem
733 3275 881 3343 Catullus
911 3275 945 3340 in
975 3274 1114 3362 epistole
1145 3273 1244 3358 (uxr)

198 3411 324 3458 oomem
346 3388 520 3457 Berenices
542 3388 794 3458 Oellimeelream
823 3392 856 3457 in
884 3389 1038 3457 Latinum
1065 3410 1244 3456 sermonem

199 3527 391 3574 corruerem
421 3506 594 3574 eomitante
624 3507 704 3574 nihil
730 3528 863 3595 proraue
890 3505 973 3572 dixit
998 3527 1063 3594 quo
1083 3516 1141 3571 aut
1160 3505 1245 3573 Hor·

198 3623 295 3690 tonali
317 3635 350 3690 et
370 3645 461 3690 auam
486 3625 659 3692 amicitiam
686 3633 743 3691 aut
771 3625 857 3690 illiue
885 3645 1026 3690 amorem
1052 3623 1160 3710 poesin
1189 3635 1246 3690 aut

199 3737 343 3806 earmina
363 3750 420 3807 aut
440 3740 543 3806 ullum
562 3739 685 3832 ingenii
700 3739 785 3808 illine
803 3739 943 3807 liuotum
959 3739 1128 3807 laudaret:
1143 3739 1176 3805 in
1198 3741 1244 3806 eia

199 3855 286 3922 enim
298 3855 446 3924 uereibna
457 3879 539 3946 quoe
549 3856 657 3924 entim
671 3857 869 3925 eubeeribom
882 3866 1013 3946 praeter
1029 3857 1245 3924 urbanitatem
