2970 4484
256 363 307 412 ²04
458 357 533 410 vnn
567 357 615 409 DE
633 355 790 410 CAESARE
808 355 857 410 ΕΤ
873 355 1104 412 consenum

255 525 379 594 Statius
400 525 483 592 enim
505 525 542 590 r'n
566 547 664 590 marro
692 523 823 610 scriptis
844 523 950 612 inquit
970 518 1059 590 ‘tenc
1083 524 1204 590 Gofflac
1223 529 1308 592 timet

254 658 282 710 a
303 636 511 708 Brr'toaar‘oe'.
561 644 615 708 red
641 642 688 706 er‘c
713 651 812 706 tamen
840 653 873 706 ut
898 646 973 706 inter
1001 643 1122 706 uenam
1148 636 1251 708 ‘mma’
1277 656 1307 708 et

254 759 293 827 id
312 759 397 848 quod
415 765 547 848 eeqro‘terr
562 759 704 844 peullam
723 759 801 844 qiam
819 759 905 824 deaei.
948 757 1038 824 cuine
1059 757 1162 826 nuntii
1180 760 1305 827 ueritaa

254 877 455 965 interpolatis
487 875 576 942 librie
614 873 795 940 confirmari
829 873 977 958 uidetur,
1010 897 1147 962 quornm
1175 877 1304 946 scribae

254 995 392 1083 apetium
413 993 491 1060 illud
512 992 616 1080 ipsum
639 993 828 1058 commentia
841 993 907 1058 auia
924 992 1146 1081 expleuernnt.
1173 1031 1205 1042 -
1230 1017 1302 1062 uer

254 1135 326 1179 anm
353 1111 546 1198 uigeeimum
574 1109 621 1175 ita
647 1119 682 1175 ut
712 1109 779 1175 dixi
809 1111 872 1176 iam
900 1109 1022 1177 dudum
1043 1109 1301 1196 emendeuerem

254 1251 326 1294 enm
347 1249 483 1296 menon
504 1225 641 1315 primum
662 1225 749 1292 illam
771 1226 1028 1294 emendationem
1046 1228 1208 1295 inuenisse
1223 1253 1302 1297 casu

253 1344 392 1434 quodam
413 1366 653 1433 cognoscerem.
697 1365 738 1410 ex
760 1343 865 1410 Iahnii
887 1345 971 1410 enim
990 1344 1154 1413 annalium
1175 1366 1222 1414 Lx
1237 1347 1301 1414 329

253 1475 285 1529 et
307 1473 419 1552 poetee
440 1483 480 1528 ex
502 1461 655 1527 Pleitneri
677 1460 785 1526 libello
811 1459 851 1526 de
873 1459 994 1528 Catulli
1015 1461 1047 1528 in
1071 1461 1246 1530 Caesarem
1268 1474 1302 1531 et

252 1581 448 1648 Mamurram
471 1578 664 1645 carminibus
690 1575 824 1665 (Spirae
847 1579 941 1665 1849)
964 1603 995 1667 p.
1018 1581 1039 1644 3
1060 1579 1300 1648 Froehlichium

254 1699 302 1785 (in
329 1708 419 1765 nunt.
445 1695 561 1763 erudit.
591 1695 718 1762 Moneo.
741 1695 823 1762 1846
850 1719 899 1762 nr.
926 1697 1104 1781 131-133)
1131 1697 1196 1765 iam
1228 1721 1301 1766 eam

253 1838 426 1905 occupasse
446 1815 512 1881 uidi
534 1837 542 1878 :
563 1836 628 1903 qua
646 1835 682 1878 re
698 1813 939 1896 emendationis,
959 1823 996 1879 ut
1016 1825 1093 1902 pote
1116 1837 1214 1904 qnam
1235 1816 1299 1883 duo

252 1933 395 2000 homines
422 1934 503 1999 alter
529 1930 660 1998 alteriue
688 1931 813 1997 neaciua
842 1933 1058 2019 reppererint,
1088 1932 1300 2020 probabiliter

253 2049 347 2118 uelde
368 2059 515 2138 angetur.
554 2061 661 2114 tamen
681 2071 719 2113 ea
740 2048 924 2116 adcuratius
940 2049 1130 2137 explicanda
1144 2059 1178 2116 et
1193 2049 1299 2116 defen·

253 2169 356 2236 denda
383 2164 593 2255 supersedere
620 2165 728 2249 nolui,
756 2187 829 2232 oum
859 2187 929 2232 eam
952 2189 1016 2255 qno
1038 2167 1134 2234 modo
1156 2168 1298 2236 Froehli·

253 2286 344 2352 chine
371 2283 556 2372 probauerit
582 2283 755 2370 ignorem:
777 2285 1077 2352 commentationem
1108 2287 1191 2352 enim
1215 2285 1298 2353 illiue

252 2401 338 2468 illam
361 2402 450 2468 adire
477 2400 554 2466 mihi
580 2423 645 2466 non
673 2401 774 2466 licuit.
817 2402 866 2467 hie
897 2403 1028 2469 tandem
1056 2402 1155 2470 finitio
1186 2425 1297 2470 uerene

251 2521 321 2588 illos
349 2543 412 2609 qno
438 2518 533 2586 modo
555 2517 749 2585 ordinandoe
771 2528 804 2584 et
822 2519 1008 2587 scribendos
1029 2530 1181 2609 putemne
1203 2521 1297 2608 adpo·

252 2659 330 2706 nere
351 2637 484 2726 placet:
1020 2699 1023 2704 .

401 2753 537 2820 Oiooede
558 2751 697 2830 Romule,
718 2757 793 2819 hoec
813 2753 934 2820 uidebis
955 2767 982 2820 ct
1001 2753 1112 2839 feres?

334 2895 360 2940 ro
402 2893 432 2936 er
453 2869 628 2957 inpudicos
649 2883 678 2936 ct
698 2895 800 2937 coreo
821 2883 848 2936 et
869 2875 945 2938 oleo.

329 3013 358 3057 m
400 3013 469 3054 eoae
488 2993 610 3054 nomine
631 2988 720 3071 orbis,
743 2990 941 3075 opiieee'mer‘

401 3129 485 3172 socer
502 3129 664 3195 penerque,
685 3105 871 3191 perdidistis
892 3112 1001 3190 omnic,

333 3249 357 3294 rt
400 3248 470 3292 eone
490 3231 616 3306 comme,
639 3225 798 3310 inperator
818 3225 920 3307 unice,

399 3343 493 3428 fricti
512 3342 547 3408 c'n
568 3343 674 3406 ultime
694 3342 859 3408 occidentia
880 3343 976 3407 maula

399 3473 432 3526 ot
453 3461 514 3526 icta
534 3471 637 3524 ccmo
657 3457 800 3542 defututa
822 3461 948 3523 mentedo

399 3577 555 3642 decemuiro
576 3586 717 3641 comereet
739 3585 791 3639 cut
811 3576 994 3640 trecenties?

333 3719 360 3764 re
400 3694 480 3784 quid
500 3706 542 3760 aar
561 3693 782 3760 elidentem
804 3692 999 3758 liberaliter?

396 3835 506 3899 porum
527 3812 709 3897 experrecti
729 3835 772 3876 cn
791 3833 905 3896 pamm
926 3809 1058 3876 elecem
1081 3815 1152 3878 eet?

394 3943 528 4018 paterno
545 3929 653 4016 primo
675 3929 833 3995 lancinata
854 3941 919 3993 runt
942 3929 1020 3992 bono
1041 3952 1051 3992 r
