3002 4490
514 331 592 386 xlm
627 333 675 386 uu
692 331 851 386 osum
868 329 966 384 LXVII
1206 334 1260 386 840

214 498 359 566 modeste
380 507 413 564 et
439 498 563 575 urbm
585 496 815 586 interrogando
840 495 935 566 fidem
955 497 1071 564 innuoe
1093 498 1264 586 explorare

214 614 333 682 studet.

298 732 344 797 Vt
375 731 504 798 redeam
536 731 619 798 unde
648 753 799 818 egressus
830 751 918 796 erum
930 779 938 814 ,
969 730 1100 796 Iseocus
1129 729 1264 796 Vossius

216 869 345 937 qnoque
374 847 544 936 insigniter
565 847 719 915 ariolatus
740 857 788 914 est
800 895 810 930 ‚
843 869 915 912 cum
938 847 1112 931 (obseruas.
1134 869 1164 934 p.
1187 846 1264 928 277)

215 963 295 1032 hoec
324 964 481 1053 scripsit:
510 965 669 1030 indoctior
696 964 749 1030 lio
778 966 873 1030 lousa
901 967 1019 1052 lopnoso
1039 964 1176 1046 Bomos,
1205 986 1264 1030 oon

215 1081 352 1148 Brutus
372 1092 427 1146 oso
455 1080 602 1163 Veronae,
622 1093 656 1147 ul
679 1081 874 1148 omittimodot
892 1081 1044 1169 Scols'por.
1087 1080 1166 1148 dona
1186 1084 1264 1146 enim

215 1197 277 1264 un
298 1197 424 1282 mdiu,
458 1197 498 1264 de
529 1220 590 1284 qnia
610 1199 662 1264 llio
683 1202 747 1286 epil
768 1195 921 1275 Oculos,
940 1197 1061 1264 -rels'oto
1083 1195 1182 1264 Romo
1204 1219 1265 1262 soso

215 1336 282 1380 oum
312 1317 375 1380 πώ
402 1314 596 1380 umuton’doo
622 1313 815 1380 moechatum
842 1337 875 1380 oo
900 1313 1072 1380 contulerat
1099 1313 1263 1380 Beuum.

215 1451 442 1517 caussamque
458 1439 565 1496 motus
587 1429 716 1512 cirillo,
737 1430 846 1496 multis
860 1430 941 1496 locis
960 1427 1001 1494 de
1016 1426 1144 1496 Ontullo
1161 1449 1265 1494 emen-

215 1545 324 1614 dando
344 1555 376 1612 et
397 1545 640 1634 interpretando
662 1547 745 1613 bene
765 1545 916 1628 menius,
938 1556 1005 1612 tsm
1026 1545 1107 1612 miro
1128 1545 1211 1614 dixit
1232 1547 1265 1612 in

216 1685 255 1732 oo
291 1663 490 1750 adgnoscere
523 1663 598 1730 licet
630 1662 718 1751 quod
749 1662 777 1728 is
808 1661 986 1730 Osecilium
1014 1687 1035 1730 o
1067 1661 1196 1732 Catullo
1232 1665 1264 1728 in

217 1803 313 1848 uersu
343 1781 363 1846 9
395 1780 594 1848 nominatum
623 1779 728 1864 (cuius
748 1799 865 1846 nomen
886 1779 1020 1846 Vossius
1051 1779 1267 1846 infelicissimo

216 1899 406 1966 coniectura
434 1897 531 1964 etism
560 1896 594 1962 iu
623 1917 753 1962 nemum
773 1896 815 1960 42
835 1896 900 1960 iom
921 1895 1047 1984 pridem
1078 1897 1119 1962 ab
1140 1895 1265 1962 Achille

216 2013 324 2083 Statio
346 2015 467 2103 optimo
487 2024 694 2103 personatum
713 2013 830 2080 inferre
852 2013 967 2098 uoluit)
990 2035 1048 2100 pro
1072 2011 1113 2093 Q.
1134 2011 1266 2080 Metello

216 2129 333 2200 Colere
354 2132 485 2199 consule
508 2132 585 2200 unni
605 2131 724 2208 694l60
750 2141 783 2198 et
813 2132 928 2196 morito
951 2128 1086 2198 Clodiae
1116 2129 1173 2214 (de
1200 2151 1265 2216 qno

215 2271 248 2316 u.
271 2270 368 2336 supro
390 2271 420 2338 p.
439 2249 495 2333 60)
517 2248 639 2319 habuis
683 2247 770 2336 quod
796 2247 881 2313 idem
908 2269 981 2312 cnm
1003 2245 1176 2314 Turnebus
1197 2247 1266 2331 (sd-

215 2387 340 2432 uerssr.
364 2387 418 2430 xvi
443 2367 475 2450 l)
505 2365 560 2432 din
590 2375 666 2432 ente
688 2365 842 2430 Vossium
870 2362 1023 2446 dixisset,
1055 2360 1265 2449 sScsligero

217 2484 333 2550 merito
345 2482 503 2548 refutatus
513 2493 572 2550 est,
601 2482 633 2548 in
647 2482 833 2547 unisonum
844 2490 951 2548 sutem
963 2480 1130 2548 fotendum
1142 2491 1192 2548 est
1207 2502 1265 2547 nos

216 2599 259 2668 de
272 2599 525 2666 hominibusillis
539 2598 793 2686 prouincialibus
809 2607 937 2685 praetor
956 2619 993 2664 cs
1014 2618 1098 2684 quse
1119 2595 1267 2664 Catullus

216 2718 288 2805 ipse
310 2718 453 2785 norronit
474 2716 551 2784 nihil
567 2715 649 2782 scire
663 2737 768 2802 posse,
791 2725 823 2782 et
843 2715 876 2780 in
897 2714 980 2780 hono
1001 2725 1125 2802 portem
1148 2737 1167 2780 s
1188 2714 1267 2778 uiris

217 2832 320 2901 doctis
342 2833 507 2922 disputate
527 2831 652 2900 inutilis
675 2842 707 2898 st
728 2829 833 2897 futilis
854 2852 947 2897 esse:
968 2829 1068 2896 ueluti
1090 2851 1173 2916 quse
1195 2828 1267 2897 Ste-

217 2949 284 3018 tius
314 2950 355 3016 do
385 2972 488 3018 uxore
510 2947 641 3016 Caecilii
675 2959 875 3015 commentus
903 2958 971 3030 est,
1004 2969 1098 3036 quom
1135 2945 1269 3012 eundem

219 3076 318 3154 utque
346 3066 480 3135 Caecilii
508 3076 625 3154 poetae
653 3065 911 3132 Nouocomensis
933 3063 1072 3152 puellum
1092 3057 1268 3152 ‘Sapphico

219 3183 398 3251 doctiorem
420 3179 523 3250 Muse’
541 3183 641 3250 fuisse
656 3182 866 3250 existimauit.
907 3181 1059 3248 Veronse
1080 3181 1181 3266 igitur
1201 3202 1269 3246 mu·

218 3302 279 3368 lies
300 3302 447 3368 odulteru
469 3323 541 3366 cum
563 3300 678 3368 morito
699 3299 884 3381 hubitsbst,
913 3297 970 3364 sed
993 3299 1112 3364 coniux
1133 3307 1267 3384 uterque

218 3417 334 3486 Brixis
355 3417 509 3486 oxiundus
524 3418 596 3500 luit,
614 3416 701 3506 qnod
716 3417 757 3483 de
772 3437 872 3482 uxore
893 3415 968 3482 inde
979 3413 1206 3500 conligendum
1220 3422 1269 3480 est

220 3535 309 3623 quod
319 3536 415 3602 isnus
426 3535 702 3604 uorsibns3l—34
710 3534 856 3600 Brixiam
866 3543 982 3600 testem
994 3530 1170 3620 superioris
1182 3529 1268 3596 uites

219 3651 363 3718 molieris
383 3653 555 3741 inpudicae
574 3651 757 3720 sduocsuit.
798 3649 958 3716 demeriti
973 3647 1269 3738 origineBriniono

217 3767 265 3834 its
286 3789 337 3834 ros
357 3791 391 3834 se
412 3768 519 3836 hebet.
562 3779 654 3856 potor
675 3766 809 3836 Caecilii
831 3767 964 3834 Bsixioc
986 3767 1085 3848 uixit,
1112 3765 1167 3854 qui
1189 3763 1267 3853 ipso,

217 3887 284 3952 ism
319 3881 415 3951 iuteo
445 3907 543 3972 quem
575 3885 658 3952 filius
690 3906 824 3950 uxorem
856 3882 968 3968 duxit,
997 3904 1071 3948 cnm
1098 3881 1159 3948 hoc
1189 3882 1267 3968 ipse,
