2920 4492
264 355 298 406 dd
530 351 584 404 1111
617 353 666 404 DE
683 349 863 406 sucumve
879 351 1034 406 estvm

263 527 296 584 et
323 517 471 606 epistulis
500 518 596 586 obuia
627 519 708 586 haee
735 520 804 586 fere
833 530 917 586 sunt
960 517 1077 590 Clodia
1107 517 1148 600 Q.
1176 517 1314 586 Gaeoilii

261 633 386 700 Metelli
415 632 538 702 Celeris
570 636 728 724 praetoris
757 658 785 702 a
814 636 932 713 telles
960 634 1100 703 considis
1132 657 1161 700 a.
1193 635 1314 712 694160

261 751 436 835 exorbuit,
458 752 510 818 oni
524 774 589 840 quo
610 775 694 820 ηηηο
716 753 862 841 nupserit
883 753 1080 840 ignoramus.
1121 751 1186 818 hoo
1208 751 1313 818 solnm
1455 795 1456 821 l

261 868 379 935 seimus
400 867 549 938 Olodium
577 892 662 937 anno
684 869 801 948 678176
823 868 967 937 Caecilio
988 869 1120 936 Metello
1141 891 1208 936 non
1234 867 1313 936 dum

260 983 426 1074 nupsisse,
457 1009 542 1053 anno
575 997 681 1053 autem
703 987 905 1064 69116312111
938 985 1006 1052 eius
1033 1008 1170 1052 uxorem
1198 984 1312 1052 fuisse.

261 1101 339 1168 illud
354 1125 397 1168 ex
416 1101 574 1169 Varronis
589 1102 630 1170 de
645 1125 680 1170 ro
694 1103 816 1171 rustica
830 1126 860 1170 ιιι
877 1105 951 1170 162
968 1104 1124 1192 sequitur,
1146 1125 1211 1193 quo
1236 1103 1311 1170 loeo
1455 1113 1456 1194 ζ

261 1219 366 1286 Varro
381 1219 525 1308 Appium
548 1216 684 1286 Clodiae
704 1220 837 1288 fratrem
860 1230 1048 1288 narrantem
1067 1219 1145 1287 feeit
1164 1241 1199 1288 se
1218 1230 1313 1310 patra

260 1348 387 1404 mortuo
431 1357 504 1402 eum
543 1335 671 1404 duobus
712 1337 867 1405 fratribus
915 1338 1106 1427 duabusque
1146 1338 1312 1404 sororibus

261 1438 370 1536 (tertia
389 1451 473 1520 enim
494 1461 595 1518 tuma
614 1451 655 1533 Q.
681 1451 804 1521 Marcio
817 1452 910 1541 Rege
930 1455 994 1520 iam
1015 1453 1048 1520 in
1069 1454 1311 1522 matrimonium

260 1571 356 1638 dueta
377 1569 462 1653 erat)
490 1589 664 1658 pauperem
686 1569 772 1636 domi
793 1593 870 1638 suae
900 1571 1048 1638 relietum
1078 1570 1187 1638 inisse
1231 1593 1308 1638 oum

261 1687 347 1754 enim
360 1687 461 1775 Appii
475 1687 576 1775 patris
598 1709 684 1754 mors
705 1687 738 1754 in
761 1711 880 1754 annum
895 1689 963 1754 fere
976 1689 1093 1767 678ίῖ6
1107 1688 1256 1756 inoiderit
1266 1688 1310 1775 ⁸),

259 1804 317 1888 (of.
328 1803 510 1870 Drumanni
525 1803 599 1871 hist.
610 1805 705 1872 Rom.
717 1827 736 1869 ιι
755 1805 840 1891 185),
855 1815 929 1894 post
943 1805 1029 1873 huno
1043 1805 1173 1872 demum
1188 1827 1311 1873 ennam

259 1920 408 1990 Clodiam
431 1919 581 1988 Metellus
610 1925 643 1988 in
664 1923 904 1990 matrimonium
929 1923 1058 1990 duxisse
1080 1931 1198 2012 potest
1235 1945 1311 1992 eon·

258 2050 414 2106 troanno
435 2038 553 2116 691Ι63
574 2036 690 2107 Clodia
704 2041 768 2107 iam
783 2040 906 2108 Metelli
928 2063 1010 2108 uxor
1029 2041 1099 2125 fuit,
1120 2040 1161 2108 of.
1178 2039 1246 2108 Cio.
1268 2041 1310 2108 ad

258 2157 333 2221 lam.
355 2177 377 2218 v
399 2155 420 2220 2
440 2156 469 2221 6.

341 2271 383 2352 Q.
405 2270 557 2339 Metellus
580 2271 685 2350 Celer,
711 2274 761 2340 uir
782 2273 992 2361 gratissimus
1015 2282 1047 2341 et
1066 2273 1308 2363 integerrimos,

257 2411 299 2455 ex
320 2390 524 2456 matrimonio
552 2390 639 2478 quod
662 2414 735 2456 οιιιη
758 2389 874 2459 Clodia
901 2393 1018 2459 inierat
1049 2414 1163 2480 parum
1197 2391 1309 2480 uolup-

257 2503 333 2572 tatis
354 2504 560 2594 percipiebat,
582 2529 655 2574 oum
676 2529 761 2573 uxor
775 2509 927 2597 pietatem
949 2510 1065 2575 marito
1081 2509 1309 2597 praestandam

258 2632 291 2688 et
312 2621 497 2710 saepissime
526 2634 558 2690 et
585 2623 799 2711 perfidissimo
824 2625 968 2692 uiolaret.
1011 2627 1103 2693 ouius
1123 2626 1172 2692 rei
1193 2647 1310 2694 caussa

257 2739 409 2828 primaria
436 2761 631 2828 quamquam
659 2740 728 2807 sine
758 2742 855 2811 dubio
887 2743 919 2808 in
950 2741 1083 2812 Clodiae
1110 2743 1210 2811 animi
1231 2743 1308 2810 leui·

257 2867 323 2924 tate
356 2867 388 2922 et
418 2879 544 2924 morum
576 2857 737 2946 pronitate
768 2869 801 2926 et
830 2859 1010 2926 incredibili
1040 2859 1174 2927 libidine
1202 2860 1309 2948 posita

258 2985 342 3057 eret,
373 2985 482 3042 ῐοιηοη
513 2977 622 3042 ηοοοίο
653 2999 693 3042 au
724 2977 767 3044 ad
786 2976 872 3044 illius
893 2977 1038 3066 coniugii
1066 2977 1231 3044 molestias
1253 2979 1308 3044 ali·

257 3093 348 3160 ouius
397 3093 552 3158 momenti
606 3093 704 3160 fuerit
752 3095 903 3182 cognatio
953 3117 1019 3182 qua
1070 3093 1186 3164 Clodia
1233 3122 1309 3166 oum

255 3210 372 3276 marito
400 3209 573 3276 coniuncta
593 3209 655 3275 fuit
687 3195 835 3292 (Clodiae
858 3212 943 3278 enim
964 3221 1068 3279 mater
1089 3222 1122 3278 et
1143 3225 1236 3301 pater
1265 3215 1306 3297 Q.

255 3325 379 3393 Metelli
401 3327 531 3394 eosdem
553 3327 715 3394 habebant
737 3327 919 3415 parentes),
949 3339 986 3396 ut
1006 3341 1082 3419 pote
1104 3353 1177 3398 oum
1199 3331 1305 3400 matri

257 3569 506 3580 maa-.-

323 3739 350 3807 'l
368 3739 404 3792 Vt
421 3738 591 3806 intellegetur
608 3755 688 3806 qoam
705 3739 773 3793 bene
791 3755 860 3807 quae
877 3739 909 3793 de
927 3741 959 3794 P.
976 3741 1063 3794 Clodii
1081 3757 1151 3794 anno
1170 3743 1254 3796 netuli
1272 3745 1306 3798 ed

255 3835 313 3886 sins
339 3833 480 3902 petitiones
506 3835 652 3901 respitiens
676 3835 757 3886 dooui
783 3849 843 3887 oum
861 3841 978 3904 tempore
995 3838 1086 3889 mortis
1104 3836 1182 3905 Appii
1200 3837 1305 3892 Claudii

254 3927 336 3996 patris
355 3929 515 3996 conspirent,
533 3928 685 3982 oonteratur
702 3928 734 3980 ds
751 3927 857 3996 barnsp.
876 3945 942 3999 resp.
963 3933 996 3983 20
1014 3933 1056 3983 tt.
