2954 4492
424 355 449 407 V
481 355 531 407 DE
547 355 728 409 AMORIBVS
745 351 900 407 cervum
1135 357 1184 408 109

141 534 172 588 et
191 524 305 590 incesti
327 521 462 611 triplicis
483 523 602 588 scelere
623 521 896 610 inquinatissimus
922 544 943 587 a
964 519 1093 588 Catullo
1114 521 1185 586 des·

140 641 260 728 oriptus
288 649 359 724 est,
392 639 587 723 abeodem,
622 639 649 704 si
677 639 802 705 adulter
828 659 959 727 quoque
979 638 1109 720 fuisset,
1141 638 1183 704 ob

140 758 197 822 hoo
217 758 379 844 flagitium
398 756 581 844 inpunitum
602 757 747 822 relietum
769 756 871 823 esse?
912 777 1018 844 ueque
1037 754 1184 822 Catullus

140 874 249 962 opinor
270 873 418 941 Gellium
446 871 534 962 quod
560 895 695 939 uxorem
720 867 923 940 ‘libertinam’
942 871 1088 938 duxisset
1107 871 1184 938 inri-

140 989 213 1057 dere
232 991 513 1079 praetermisisset.
555 1013 597 1056 ex
617 990 668 1056 his
682 990 927 1057 difficultatibus
948 1012 1007 1056 nos
1028 989 1184 1077 expedire

139 1129 200 1172 uon
220 1129 406 1194 possumus,
426 1107 489 1173 nisi
512 1107 681 1174 statuimus
697 1106 849 1185 Gellium,
872 1127 938 1196 quo
959 1117 1105 1194 tempore
1124 1105 1183 1173 Ge·

138 1225 233 1292 tullus
255 1205 495 1314 epigrammata
515 1224 550 1289 in
571 1245 644 1290 eum
659 1223 804 1308 coniecit,
825 1246 889 1290 uon
905 1223 980 1290 dum
1001 1223 1184 1290 libertinam

138 1341 221 1408 illam
242 1343 276 1407 in
297 1341 540 1408 matrimonium
561 1342 700 1408 duxisse.
743 1341 800 1407 sed
820 1341 896 1408 uide
911 1363 1008 1430 quem
1024 1341 1184 1407 sententia

137 1457 190 1523 ills
218 1481 339 1547 parum
367 1457 543 1547 probabilis
571 1457 632 1541 sit,
664 1481 738 1524 oum
758 1458 852 1524 simul
873 1457 902 1523 ei
923 1459 978 1545 qui
1000 1459 1061 1524 hoo
1083 1457 1185 1524 eredit

137 1577 327 1642 sumendum
351 1587 399 1642 est
426 1597 509 1641 auno
539 1575 654 1653 697157
677 1574 817 1642 Gellium
839 1573 1022 1642 libertinum
1043 1575 1184 1656 duxisse,

138 1713 218 1758 suno
241 1703 459 1782 anteaquam
484 1689 598 1758 Oieero
631 1690 815 1758 Sestiauam
844 1691 957 1758 hebuit
984 1717 992 1759 ε
1018 1715 1093 1758 uam
1123 1690 1184 1759 Ga·

136 1809 204 1875 tulli
224 1809 259 1876 in
282 1809 425 1877 Gellium
447 1810 598 1886 earmina,
619 1818 656 1875 ut
676 1810 761 1874 infra
782 1829 992 1897 exponemus,
1015 1833 1044 1874 a.
1066 1809 1184 1886 696158

137 1926 254 2013 seripta
281 1936 367 1992 sunt
412 1925 549 2014 quodsi
577 1947 689 1990 uerum
711 1936 812 2008 esset,
840 1923 954 1992 Cicero
984 1926 1053 1991 sine
1085 1924 1183 1992 dubio

137 2041 268 2110 dixisset
288 2042 434 2110 Gellium
454 2065 551 2128 nuper
572 2041 753 2109 libertinam
775 2043 914 2110 duxisse.
957 2041 1083 2109 aceedit
1097 2043 1184 2132 quod

138 2159 205 2226 ueri
234 2161 342 2228 simile
369 2181 436 2225 nou
462 2169 513 2226 est
540 2157 704 2243 Gellium,
733 2183 818 2226 anuo
839 2160 954 2238 697157
986 2169 1093 2228 aetate
1120 2163 1183 2226 iam

137 2276 386 2363 promotiorem,
408 2277 471 2342 hoo
494 2277 621 2343 demum
643 2299 727 2343 anno
747 2277 984 2343 matrimonium
1013 2277 1121 2342 iniisse
1142 2286 1184 2360 et,

136 2393 169 2458 id
182 2395 270 2482 quod
287 2395 360 2482 plus
381 2393 477 2477 ualet,
499 2393 632 2461 Clodiae
654 2403 823 2482 acceptum
838 2403 870 2460 et
883 2394 1061 2482 gratiosum
1075 2395 1184 2460 luisse.

136 2521 171 2576 ut
191 2513 279 2578 enim
294 2511 335 2578 de
352 2511 450 2578 Gellii
471 2522 577 2578 aetate
593 2533 793 2600 quaeramus,
815 2509 891 2577 iude
906 2511 994 2599 quod
1008 2510 1124 2578 Cicero
1140 2511 1186 2577 ait

136 2629 171 2694 io
184 2631 383 2716 amplissimis
403 2629 563 2694 moriere
578 2627 616 2695 L.
632 2627 773 2718 Philippi
788 2628 894 2695 uitrici
909 2651 983 2694 eum
1000 2629 1114 2696 florere
1131 2653 1184 2716 po

137 2746 245 2832 tuisse,
259 2769 336 2812 eum
347 2746 386 2812 L.
398 2745 540 2813 Marcius
551 2744 719 2835 Philippus
731 2770 758 2812 a.
770 2745 886 2825 663191
899 2748 1010 2812 oonsul
1024 2757 1056 2813 et
1067 2747 1184 2825 668186

137 2881 250 2928 oeusor
282 2873 385 2948 esset,
420 2864 569 2931 concludi
599 2874 705 2952 potest
732 2887 806 2931 eum
833 2862 997 2931 Oioerouis
1018 2865 1184 2953 aequalem

136 3001 221 3047 anuo
242 2980 314 3046 fere
327 2981 466 3058 6481106
485 2991 598 3047 uatum
617 3001 688 3046 esse
702 3005 710 3048 :
725 3003 808 3069 quae
826 2982 1029 3048 ratiocinatio
1051 3004 1089 3048 eo
1112 3003 1184 3048 eon-

137 3095 286 3164 firmatur
314 3097 403 3186 quod
430 3099 533 3164 frater
561 3097 659 3165 Gellii
688 3098 856 3186 priuignus
885 3121 926 3163 ex
949 3099 1061 3165 eadem
1082 3109 1184 3166 matre

137 3223 225 3280 ortus
235 3215 271 3297 *1
287 3213 324 3280 L.
338 3212 482 3280 Marcius
500 3213 679 3303 Philippus,
701 3237 773 3280 oum
789 3240 815 3280 a
830 3215 947 3299 698156
961 3219 1074 3283 oonsul
1089 3227 1183 3302 esset,

137 3351 200 3397 non
233 3341 310 3420 post
339 3353 457 3396 aunum
486 3331 603 3409 655199
631 3341 726 3398 natus
764 3353 834 3398 esse
861 3343 977 3420 potest.
1028 3332 1066 3399 L.
1098 3337 1184 3400 euim

137 3573 338 3584 η*-

205 3731 285 3802 ')ef.
310 3735 396 3788 sohel.
417 3733 484 3789 Bob.
508 3749 556 3802 pro
577 3733 643 3786 Sese
661 3752 685 3802 p.
705 3737 754 3787 sot
779 3735 808 3788 L.
832 3735 949 3790 Marcius
972 3733 1116 3806 Plilo'ppus,
1141 3740 1186 3806 qur·

137 3831 211 3880 αι’ωη
228 3831 336 3900 οωιίῳα
355 3829 401 3881 Ca.
420 3827 524 3882 teneto
542 3827 690 3884 Mareellioo
706 3831 735 3880 in
752 3829 884 3884 renudato
899 3832 963 3896 ferit,
979 3833 1088 3897 fratrem
1105 3831 1184 3882 lule·

138 3921 179 3976 tor
196 3927 323 3981 moiun
340 3921 369 3978 1..
379 3923 489 3978 Gellium
507 3935 530 3978 et
549 3928 632 3996 ι’ριιιιι
642 3934 760 3993 metm
777 3927 883 3996 adparet
901 3925 1030 3979 amose
1047 3927 1182 3978 ussum.
