2950 4480
802 491 833 556 V

369 613 543 724 viuumns,
566 665 640 712 mee
661 643 791 722 Lesbia,
814 653 913 728 utque
935 665 1093 725 ememus,

368 785 581 849 rumoresque
603 785 720 831 senum
743 765 948 830 seueriorem

368 906 481 952 omnes
504 885 603 950 unius
626 885 839 950 aestimemus
862 885 956 951 ussis.

369 1005 455 1071 soles
478 1003 622 1070 oeeiders
644 1011 677 1068 et
698 1005 804 1068 redire
825 1012 984 1086 possunt:

327 1127 347 1188 5
369 1124 465 1190 nobis
487 1145 562 1190 eum
585 1123 688 1188 semel
709 1123 829 1188 eeeidit
851 1123 961 1189 breuis
984 1123 1053 1200 lux,

370 1265 435 1308 nex
458 1253 508 1307 est
530 1249 688 1326 perpetue
709 1263 776 1307 unn
798 1241 998 1309 dormiendu.

370 1362 412 1426 de
434 1361 481 1426 mi
505 1360 598 1426 busin
620 1359 722 1438 mille,
746 1359 864 1424 deinde
888 1372 1030 1440 eentum,

370 1481 446 1545 dein
467 1479 559 1545 mille
581 1479 693 1556 ultera,
717 1477 793 1544 dein
814 1480 958 1544 secunde
980 1487 1125 1558 eentum,

370 1601 487 1666 deinde
510 1621 615 1684 usque
637 1599 743 1665 sltem
764 1600 865 1677 mille,
889 1599 1008 1664 deinde
1030 1608 1172 1666 eentum.

307 1720 349 1787 10
371 1721 454 1799 dein,
478 1742 552 1787 eum
577 1721 671 1785 milia
692 1720 798 1784 multu
819 1720 1005 1798 fecerimus,

372 1841 639 1907 conturbabimus
662 1841 730 1920 ille,
753 1861 794 1904 ne
817 1839 968 1918 seiumus,

371 1967 430 2024 sut
451 1960 568 2042 nequis
590 1960 699 2024 mulus
721 1959 870 2025 inuidere
892 1960 1005 2042 pessit,

372 2099 447 2143 eum
470 2086 594 2144 tentum
616 2080 698 2144 seint
719 2099 790 2144 esse
813 2077 988 2143 besierum.

379 2317 400 2368 l'
419 2317 459 2369 sd
477 2318 594 2370 Lesbium
618 2318 631 2367 ΙΙ
650 2319 666 2370 3
685 2318 831 2370 extimemus
855 2317 867 2366 ll
887 2315 904 2368 8
922 2317 1019 2368 Deinde
1043 2318 1056 2366 ll
1076 2317 1169 2369 de'nde
1193 2318 1205 2366 ll
1230 2319 1260 2368 10
1277 2317 1330 2368 De·

308 2403 367 2455 inde
391 2403 403 2452 ll
425 2405 451 2456 ll
472 2404 679 2456 Centurbuuimus
703 2404 715 2452 ll
738 2404 768 2454 13
787 2409 871 2454 tentus

308 2509 512 2519 ...m-...-

316 2557 400 2608 VIIII
413 2559 448 2610 Ie
466 2558 521 2610 869
539 2557 565 2608 Ρ
581 2559 639 2619 481,
658 2557 676 2608 2
694 2556 778 2607 Hertz,
800 2558 867 2609 unde
892 2565 918 2608 et
939 2556 1051 2608 Catullus
1073 2556 1109 2607 sic
1132 2555 1231 2607 rettulit
1253 2561 1331 2610 ‘nunu

308 2645 519 2696 resenditusenet
537 2631 578 2706 (st
603 2643 653 2693 cod.
681 2642 772 2708 neapol.
800 2652 859 2694 sunt
881 2642 981 2709 peris.)
1011 2643 1096 2708 quiete
1126 2658 1205 2708 seque
1231 2642 1331 2693 dedicet

307 2729 354 2782 tibi
372 2731 462 2795 (uerba
485 2728 599 2779 Gemelle
622 2727 711 2779 Cueter
734 2737 760 2778 et
781 2745 817 2776 oin
835 2725 866 2776 N
880 2737 902 2777 et
920 2725 956 2794 Ρ)
974 2727 1083 2795 gemelle
1102 2727 1214 2778 Custuris
1236 2725 1332 2778 Ciun's.

307 2825 348 2864 art
372 2811 611 2874 11122312252,
629 2811 666 2862 24
684 2811 749 2862 Keil.
819 2811 853 2864 27
872 2812 986 2864 Gemelle
1004 2812 1099 2864 Restm
1116 2821 1143 2864 et
1155 2812 1263 2880 gemelle
1275 2811 1328 2863 Ku-

308 2907 391 2950 storus
409 2896 557 2947 Froelmerue
576 2915 633 2946 mue.
654 2897 718 2948 rien.
737 2915 790 2947 nee.
809 2895 885 2947 XIII
901 2897 953 2948 149

379 2982 399 3032 V
423 2982 439 3032 n
468 2981 671 3046 interpunctionem
698 2992 755 3048 poet
784 2982 864 3034 Nebis
893 2981 964 3048 uulye
993 2979 1077 3048 (Lm)
1104 2981 1209 3047 positam
1234 2981 1330 3032 sustulit

308 3069 421 3120 Klotzius
433 3066 519 3118 entend.
528 3085 555 3133 p.
576 3067 602 3116 V
665 3067 682 3119 'i
694 3086 745 3132 sqq*
760 3067 802 3118 lues
815 3085 898 3118 uerene
910 3067 1014 3134 respuit
1028 3065 1137 3118 Catullus
1149 3068 1200 3132 ipse
1213 3067 1245 3118 X
1250 3066 1285 3116 VI
1295 3068 1329 3119 12

308 3155 360 3206 Vos
382 3155 424 3222 qui
451 3152 519 3204 milis
545 3155 623 3204 multu
648 3153 775 3204 basiorum
803 3153 912 3220 Legistis
942 3163 965 3202 et
987 3151 1116 3204 Martialis
1141 3151 1189 3204 XI
1205 3154 1222 3206 6
1239 3154 1271 3204 14
1290 3155 1330 3205 Du

308 3256 374 3289 nune
391 3239 468 3298 busin,
486 3239 532 3290 sed
550 3239 689 3290 eutulliunn.
718 3239 789 3300 Quae
807 3239 828 3290 si
847 3248 884 3290 tet
901 3239 996 3290 fuerint
1007 3247 1068 3305 quet
1080 3239 1123 3289 ille
1135 3239 1207 3298 dixit,
1223 3238 1327 3290 Donabo

308 3323 355 3376 tibi
378 3342 503 3392 passerem
527 3324 620 3376 Catulli
653 3323 690 3374 t'l
708 3324 743 3374 34
765 3323 779 3373 7
798 3323 860 3376 ΝοΙο
883 3333 943 3390 quet
965 3323 1068 3390 (busin)
1090 3331 1180 3391 arguto
1198 3324 1269 3374 dedit
1285 3340 1328 3374 ex-

308 3416 380 3460 orata
398 3407 497 3460 Catullo
516 3409 618 3460 Lesbis:
638 3425 717 3475 pauca
735 3409 803 3476 eupit
819 3409 862 3474 qui
879 3425 1011 3460 numerare
1028 3416 1114 3475 potest
1132 3408 1163 3472 (s.
1183 3406 1244 3457 XII
1258 3407 1294 3458 59
1311 3407 1329 3455 3

410 3496 427 3545 8
445 3495 502 3546 dein
520 3494 629 3546 seeundu
646 3493 748 3544 I’uccim
772 3494 812 3558 (in
830 3494 947 3544 nicentius
964 3513 988 3544 a.
1005 3494 1073 3544 1451
1088 3492 1247 3559 yettinqensi)
1272 3489 1328 3542 Ste-

310 3578 370 3628 tius:
387 3579 420 3630 du
437 3580 547 3631 secunda
566 3571 582 3656 β
599 3577 717 3647 Silliqius.
737 3578 835 3630 Deinde
854 3581 887 3630 mi
906 3571 945 3656 (β)
954 3579 1035 3630 ulteru
1043 3578 1119 3642 mille,
1129 3578 1222 3630 deinde
1230 3585 1327 3629 eentum

309 3660 414 3727 Heysiuu
532 3665 562 3715 12
584 3675 605 3715 et
629 3665 660 3716 13
682 3663 722 3714 dei
747 3662 886 3714 Tlnsanrer
908 3682 969 3716 iaetu.
991 3665 1056 3714 rhen.
1079 3681 1131 3714 neu.
1156 3661 1247 3712 XIIII
1266 3661 1328 3722 323,

310 3762 407 3809 quonum
426 3745 476 3795 lece
493 3747 545 3810 ipse
562 3749 589 3796 ni
604 3751 686 3799 mirum
703 3749 763 3798 lune
779 3767 849 3800 unum
865 3749 988 3815 suppleuit
1003 3761 1065 3816 quet
1082 3749 1140 3800 sint.
1170 3747 1263 3799 deinde
1281 3748 1327 3798 ite-

311 3846 365 3881 nim
384 3846 557 3881 recenseamus
647 3832 677 3882 13
695 3832 734 3882 del
755 3831 919 3884 Oltiteecteue
937 3833 966 3884 de
988 3832 1083 3884 Catulle
1101 3831 1229 3897 (Kileniae
1247 3831 1327 3900 1863)
