3002 4490
272 339 323 388 298
615 333 680 386 xm
714 335 762 385 DE
780 333 978 388 CORNIFICIO

319 525 384 567 xuu
427 523 455 570 at
495 503 530 566 S
547 503 604 588 qai
619 500 704 586 forto
723 523 861 566 memora
881 501 1064 586 {nepam

490 621 608 684 lectores
628 622 708 683 arilia
727 641 901 705 mortuoquo
920 631 1037 683 aertm

490 757 552 801 oca
572 735 724 801 horrebitis
744 737 905 800 admouere
925 738 1017 819 aobr's,

361 876 379 917 ιι
423 877 448 921 ιι
491 866 553 918 tom
572 866 697 941 qrotcm
718 863 759 918 ert
778 852 855 918 mitt
873 875 963 940 qaum
975 851 1092 940 forant
1110 853 1232 939 poetae

487 971 611 1057 pernici
628 969 783 1034 aureolum
803 968 904 1052 fauore
922 972 1047 1048 modom,

489 1086 572 1174 qood
591 1110 697 1154 nonam
717 1087 809 1152 otuu
827 1085 886 1152 da'a
906 1088 1040 1175 Romam.

270 1279 356 1365 quod
378 1301 508 1348 carmon
529 1280 619 1347 nullo
641 1279 821 1346 intermisso
844 1289 918 1367 poat
939 1301 1067 1346 carmen
1090 1277 1226 1368 primum
1249 1301 1315 1369 quo

268 1397 425 1464 lectorum
447 1395 698 1464 beniuolentiam
713 1407 859 1484 captaret
873 1395 1036 1464 Catullum
1050 1397 1195 1485 posuisse
1210 1397 1315 1464 cidem

268 1514 330 1580 uiri
350 1514 438 1582 docti
459 1514 505 1580 illi
527 1523 613 1580 rocta
635 1511 795 1580 dixerunt.
840 1513 894 1604 qui
924 1525 1031 1580 autem
1059 1512 1178 1579 Iactum
1208 1515 1249 1578 ait
1277 1524 1315 1580 ut

270 1654 399 1698 carmon
421 1631 481 1698 hoc
504 1653 580 1698 ucrc
602 1629 777 1696 accundum
800 1651 820 1694 a
841 1629 917 1696 acdc
940 1630 1070 1718 propria
1083 1639 1204 1696 motum
1226 1641 1259 1696 ct
1278 1629 1312 1696 in

268 1748 332 1815 duo
353 1747 491 1815 frustula
511 1747 671 1814 diuulsum
693 1748 734 1813 ait
755 1746 817 1812 alio
839 1747 911 1816 Ioco
932 1748 1094 1836 explicare
1115 1748 1313 1814 conabimur.

350 1899 432 1965 Poat
453 1899 645 1980 Quintilium
666 1899 789 1965 Varum
811 1897 987 1967 Oacoilium
1002 1897 1188 1966 Cornelium
1202 1899 1313 1987 Νομο-

267 2026 352 2098 tam,
387 2026 454 2082 troo
484 2015 597 2083 doctoa
630 2017 750 2082 amicos
783 2017 839 2106 qui
871 2016 1003 2084 candem
1036 2025 1133 2104 atquo
1165 2014 1313 2083 Gatnllna

267 2134 403 2221 patriam
424 2132 620 2215 habuerunt,
652 2133 692 2200 dc
713 2132 889 2201 Comificio
912 2132 1074 2220 disputare
1094 2133 1222 2219 placet,
1254 2133 1312 2221 qui

267 2250 402 2320 fortasse
424 2261 457 2318 ct
478 2249 546 2339 ipsc
558 2249 723 2339 popularia
738 2259 855 2338 poctaa
870 2249 1067 2316 Veronensis
1080 2249 1151 2316 tuit
1183 2250 1314 2337 scripsit

267 2368 309 2435 ad
337 2389 407 2436 cum
436 2365 582 2436 Catullus
612 2389 741 2437 carmon
766 2391 888 2434 xxxam
911 2369 1031 2450 Mutat,
1054 2367 1225 2453 Cor-affici,
1262 2379 1313 2432 tao

269 2485 401 2570 cautla,
434 2486 467 2550 in
499 2507 563 2572 quo
590 2495 685 2573 pocta
710 2507 783 2551 cum
814 2484 918 2550 amico
950 2483 990 2550 dc
1023 2484 1073 2550 aui
1105 2481 1313 2572 neglccfionc

268 2601 468 2690 expostulat,
503 2611 642 2689 utpote
670 2603 725 2689 qni
753 2602 896 2688 corporis
924 2599 1086 2689 animique
1113 2601 1241 2668 doloroc
1269 2621 1312 2668 ox

267 2718 381 2784 morbo
409 2717 522 2783 ultimo
555 2717 697 2805 quotidie
734 2725 829 2783 aucto
859 2727 952 2784 natos
980 2717 1083 2784 amico
1115 2715 1311 2788 consolando

266 2833 367 2900 Icniro
398 2833 536 2900 nolucrit
570 2833 626 2916 (cl.
659 2854 757 2919 cupra
787 2855 819 2920 p.
851 2834 919 2916 45).
973 2854 1056 2922 quac
1082 2833 1254 2921 explicatio
1284 2834 1311 2900 ai

267 2973 347 3017 uara
378 2959 445 3033 cat,
481 2971 610 3016 carmon
642 2948 704 3014 hoc
745 2971 829 3016 anno
869 2948 986 3026 700ch
1015 2949 1121 3018 madio
1155 2952 1313 3037 scriptum

268 3077 327 3134 cot.
370 3065 578 3134 Comifioium
600 3066 708 3143 illum,
738 3066 882 3156 quisquis
902 3065 978 3148 luit,
1000 3091 1020 3134 a
1042 3065 1157 3134 studiis
1176 3065 1312 3156 poeticis

267 3185 407 3252 alionum
429 3205 495 3250 non
515 3183 614 3250 fuisso
634 3205 747 3250 ucraua
770 3183 872 3252 ultimi
897 3183 1065 3267 carminis,
1087 3183 1143 3254 ubi
1164 3183 1312 3254 artificio·

267 3301 351 3367 aiore
380 3300 542 3368 locutione
571 3295 784 3368 ‘lacrimarum
814 3291 1084 3370 Simonidcarum‘
1109 3312 1224 3390 pocta'a
1251 3301 1313 3371 (toi

267 3417 410 3486 carmina
430 3416 579 3503 lugubria
599 3417 826 3504 designantur,
856 3416 1006 3486 uidentur
1028 3417 1200 3488 declarare.
1237 3441 1312 3490 aum

268 3543 435 3624 praetcrea
456 3535 599 3602 ciusdem
619 3533 687 3602 forc
702 3533 817 3602 actatic
836 3543 934 3624 atquo
947 3545 1076 3623 poetam
1089 3535 1311 3606 Varononaam

267 3651 365 3718 fuisso
385 3661 454 3719 tota
476 3651 624 3720 carminis
645 3648 729 3719 ratio
756 3651 857 3718 dooct
901 3673 985 3741 quac
1006 3663 1143 3743 utraque
1165 3677 1216 3721 raa
1237 3661 1312 3740 apto

268 3768 405 3860 quadrat
424 3767 456 3834 in
474 3768 683 3836 Cornificium
704 3778 833 3856 poetam
854 3769 896 3836 ab
912 3767 1032 3836 Ouidio
1048 3768 1186 3838 tristium
1209 3793 1227 3838 ιι
1249 3770 1312 3836 436

262 3869 351 3954 ¹inter
372 3885 451 3953 alios
475 3884 603 3953 Catullo
626 3887 694 3952 fora
715 3885 863 3972 aequales
885 3885 1061 3954 carminum
1082 3887 1311 3954 amatoriorum

1471 819 1490 930 t
