2954 4492
446 361 484 415 VI
517 363 565 415 DE
583 361 763 416 AMORIBVS
781 363 937 416 bervum
1172 365 1220 416 m

168 551 254 618 quoe
276 529 404 596 iuuenis
432 529 487 595 ille
516 528 577 595 sibi
600 530 771 596 Aufilense
800 551 908 598 emere
932 531 1065 597 incenso
1085 529 1220 619 praesti·

168 645 257 712 terit.
307 667 372 734 quo
400 667 441 712 ex
479 645 623 712 cermine
651 645 821 726 Quintium
856 669 892 712 re
929 669 1007 714 uere
1035 649 1220 714 Aufilenam

169 763 300 830 Ostullo
322 763 557 830 obolismuisse
586 762 655 828 sole
683 764 801 830 clerius
826 764 941 831 elucet.
984 785 1050 852 quo
1072 774 1219 852 temporo

171 889 328 969 quattuor
347 879 404 956 illo
425 878 568 946 csrminu
589 879 754 968 scripserit
774 891 871 968 poeto
891 881 933 947 sd
947 881 1110 976 Veronsm
1132 901 1221 969 spec

168 997 295 1084 tontis,
328 995 355 1063 si
385 1019 453 1062 rem
488 1018 547 1084 per
580 1019 616 1064 se
641 1005 788 1086 spectus,
825 999 983 1064 incertum
1016 1008 1074 1064 est
1125 998 1221 1064 uelde

170 1127 282 1182 tumen
319 1113 486 1201 probabile
519 1112 652 1197 ducem,
692 1115 718 1178 si
751 1116 822 1203 quis
850 1137 889 1181 eo
919 1115 1119 1204 temporibus
1146 1116 1222 1182 odu-

170 1231 349 1298 lesceutise
388 1230 498 1318 primis
539 1231 696 1297 attribuet
734 1232 852 1318 quibus
890 1229 1038 1299 Catullus
1073 1231 1222 1300 Veronae

170 1346 256 1414 uixit
277 1367 384 1434 neque
397 1346 474 1414 dum
489 1347 615 1414 Romus
630 1347 780 1414 Lesbium
802 1369 911 1415 emere
932 1359 1095 1438 coeperet
1138 1371 1221 1437 ques

169 1464 299 1530 sinere
327 1472 361 1528 et
387 1463 428 1530 sd
457 1463 717 1550 persuadendum
746 1465 957 1553 probabiliter
975 1465 1221 1554 disputuuimus,

169 1589 291 1670 poete,
313 1601 387 1645 eum
408 1577 450 1646 sd
470 1588 608 1646 aetutem
630 1580 804 1648 iuuenilem
825 1583 1001 1671 respiciens
1022 1584 1055 1650 in
1077 1585 1219 1650 oermins

172 1717 274 1764 urm
296 1719 409 1764 uersus
429 1696 500 1764 illos

298 1875 394 1940 multa
415 1875 492 1940 rotis
514 1875 579 1939 lusi
597 1898 608 1940 .·
628 1897 688 1940 nou
711 1885 755 1940 est
775 1877 832 1940 dea
851 1877 958 1943 nescia
978 1882 1074 1942 nostri

299 2015 376 2080 ptrue
396 1994 512 2057 dulcem
534 1993 618 2058 curis
638 1996 743 2056 miscet
762 1993 937 2058 omuritiem

171 2167 340 2250 scriberet,
370 2189 481 2233 eorum
503 2188 588 2256 quse
610 2189 683 2233 cum
704 2167 856 2234 Aufilens
876 2168 952 2236 olim
974 2169 1095 2238 luserat
1115 2171 1223 2236 nescio

171 2309 216 2354 un
238 2306 363 2352 memor
382 2285 509 2350 fuerit:
531 2285 722 2372 praesertim
751 2307 824 2351 curn
845 2307 956 2352 umore
977 2286 1032 2353 illo
1053 2288 1131 2354 setis
1149 2309 1223 2376 poe

170 2413 241 2472 tem
263 2403 381 2470 arsisse
403 2423 445 2468 ex
465 2403 607 2468 csrnrino
628 2421 649 2470 o
671 2402 689 2466 7
710 2402 865 2491 superest

305 2603 374 2646 orror
394 2603 510 2647 oceano
529 2603 615 2647 meos
636 2593 760 2647 torreret
775 2581 908 2662 flamma
929 2579 1087 2647 medullas.

256 2754 380 2825 Ultimo
411 2755 484 2822 loco
515 2756 659 2823 carmine
690 2778 773 2844 queo
805 2755 847 2822 od
876 2757 1064 2824 quentium
1097 2757 1225 2844 scripsit

171 2871 322 2942 cernuus
353 2873 579 2958 necubimus,
620 2875 813 2962 quibuscum
844 2875 987 2940 connino
1019 2873 1060 2940 ud
1089 2873 1224 2940 Furium

172 2999 209 3058 ot
229 2989 397 3058 Aurelium
426 2990 545 3079 scripte
576 2991 800 3080 coniungenda
822 3001 907 3058 sunt.
950 3001 1025 3057 sunt
1045 3011 1123 3058 uero
1144 2991 1224 3058 boec

171 3105 215 3174 sd
236 3108 425 3174 quentium
446 3108 550 3197 ipsum
565 3131 655 3175 xxnrr
679 3109 708 3173 0
722 3109 782 3196 qui
795 3108 949 3190 flosculos
963 3133 996 3174 ss
1010 3107 1224 3176 quentiorum

173 3247 325 3292 xxxxmn
353 3225 492 3291 Melle‘tos
520 3225 625 3291 oculos
653 3235 719 3291 tuos
747 3223 873 3292 quenti
891 3245 997 3290 nxxxr
1024 3225 1162 3290 reme
1189 3225 1225 3292 ἐπ

174 3353 259 3408 toute
282 3343 385 3428 potuit
410 3343 526 3427 populu
556 3365 619 3407 esre
645 3341 771 3408 quenti
796 3359 976 3408 Lxxxxvrnr
1001 3339 1154 3428 Surripui
1170 3341 1228 3408 eti

174 3459 246 3524 dem
267 3457 352 3526 ludis
379 3458 493 3525 mellite
520 3455 656 3524 quenti.
698 3467 868 3545 praetereo
888 3457 930 3524 ed
950 3457 1085 3526 Furium
1106 3468 1139 3525 et
1160 3460 1226 3526 Au·

173 3575 290 3642 relium
322 3574 469 3641 bomines
500 3574 594 3642 uobis
620 3575 718 3661 plone
743 3575 873 3662 ignotos
895 3577 984 3658 (nem
1006 3577 1144 3642 ulturum
1164 3598 1224 3664 pro

173 3691 222 3760 Π.
244 3691 344 3758 Furio
367 3691 524 3759 Bibaculo
547 3713 620 3756 cnm
634 3691 811 3766 Parthenio
828 3687 933 3758 Statio
948 3691 1067 3759 Vossio
1088 3694 1223 3760 ultorum

172 3831 233 3898 pro
255 3807 294 3875 L.
315 3808 453 3874 Aurelio
489 3805 587 3875 Cotta
616 3808 693 3874 enni
718 3807 837 3886 tertre
857 3818 1006 3896 prsetore
1026 3833 1098 3876 cum
1120 3809 1226 3878 Statio

173 3925 359 3994 babendum
393 3947 465 3992 esre
502 3925 599 3993 hodie
637 3945 731 3991 nemo
767 3925 965 4013 opinabitur)
1003 3925 1146 3992 carmine
1179 3945 1224 3990 xv
