3002 4490
311 343 362 394 sss
474 315 561 390 'xnn
592 337 642 392 ou
660 337 874 392 clnmumvs
889 337 992 390 nxrnr
1009 337 1099 390 axrrr
1114 337 1189 390 mr

312 515 346 571 et
364 505 491 582 694160,
513 525 642 574 carmen
665 515 775 572 autem
799 523 877 568 nxvr
898 503 968 590 ipso
991 503 1052 568 boc
1073 502 1254 590 posteriore
1275 525 1365 570 anno

310 621 428 699 694160
450 623 604 710 scriptum
626 643 697 688 esse
718 631 941 688 statueremus.

393 737 532 806 Carmen
562 759 670 820 exuo,
700 735 740 804 de
768 737 859 802 Pelei
888 745 922 802 ei
942 733 1096 801 Thetidos
1122 734 1242 822 nuptiis
1271 736 1364 824 epyl-

310 855 384 936 lion,
408 855 536 943 quando
558 864 656 942 poeta
678 854 843 942 scripserit
866 852 1038 918 obscurum
1060 860 1119 934 est,
1145 873 1253 939 neque
1272 851 1364 938 quic-

309 991 405 1057 quam
428 973 506 1036 certi
529 971 581 1037 uel
603 970 772 1058 probabile
795 993 836 1034 ex
858 969 1011 1035 uniuersa
1030 969 1136 1055 poesis
1154 967 1362 1036 Catullianae

308 1087 417 1154 indole
439 1111 477 1153 ec
499 1089 625 1154 ratione
647 1089 707 1152 hac
730 1087 770 1152 de
790 1107 827 1152 re
848 1084 932 1151 effici
948 1097 1063 1173 potest.
1101 1104 1241 1171 namque
1260 1084 1361 1150 etiam

310 1205 337 1270 si
371 1203 493 1292 poesim
527 1202 647 1270 Catulli
679 1205 720 1271 ab
753 1212 920 1292 poetarum
953 1201 1156 1268 Graecorum
1177 1200 1361 1268 imitatione

310 1321 342 1385 in
369 1321 479 1407 primis
506 1343 615 1388 corum
638 1344 720 1409 quos
740 1319 977 1386 Alexandrinos
999 1318 1163 1406 adpellare
1191 1318 1361 1384 consueui-

310 1459 381 1503 mus
408 1437 585 1526 prolectam
614 1459 684 1504 esse
712 1436 780 1503 ueri
817 1435 1013 1502 simillimum
1039 1447 1106 1518 est,
1139 1445 1248 1502 tamen
1277 1435 1361 1500 haec

309 1577 378 1638 res,
399 1555 427 1619 si
448 1554 598 1620 decerto
625 1553 767 1644 quodam
789 1555 932 1620 carmine
955 1553 1137 1641 inquiritur,
1158 1574 1271 1640 parum
1296 1573 1360 1618 nos

308 1672 409 1738 iuuat.
453 1671 540 1738 credi
563 1673 648 1738 enim
668 1693 732 1736 non
754 1681 863 1758 potest
879 1669 1043 1737 Catullum
1064 1669 1204 1759 primum
1225 1668 1358 1758 quidem

309 1788 470 1856 Graecam
492 1791 615 1876 poesim
638 1787 823 1875 diligentius
844 1788 1004 1854 imitatum
1027 1807 1106 1870 esse,
1134 1797 1359 1874 poemenem,

308 1929 381 1973 eum
408 1907 551 1972 carmina
578 1927 643 1970 non
675 1905 739 1969 iam
767 1923 808 1970 ex
844 1903 1081 1990 exemplaribus
1113 1902 1226 1968 alienis
1258 1902 1359 1968 auxie

309 2024 505 2109 exprimeret
532 2021 588 2086 sed
615 2021 681 2086 suis
711 2021 834 2087 uiribus
860 2021 978 2086 sensim
998 2019 1195 2085 confirmatis
1215 2016 1359 2084 conlisus

308 2140 374 2225 ipse
390 2148 597 2226 conponeret,
613 2136 653 2202 erl
666 2137 862 2224 exemplaria
873 2135 1004 2202 Graeca
1018 2137 1147 2202 omnino
1162 2135 1306 2205 nonium
1321 2159 1359 2202 se

310 2253 532 2341 adplicauisse.
576 2255 662 2342 quod
691 2253 747 2342 qui
775 2262 904 2340 putaret
928 2253 1008 2341 quid
1036 2253 1232 2320 carminibus
1261 2272 1293 2318 m
1323 2263 1360 2319 et

310 2389 387 2435 Lxur
409 2370 559 2436 feceret?
588 2392 688 2437 unum
701 2379 809 2437 temen
825 2369 995 2437 adfirmare
1009 2392 1073 2436 non
1090 2369 1212 2446 dubito,
1226 2391 1360 2436 carmen

307 2497 374 2553 tam
394 2486 541 2575 pulcrum
563 2496 596 2553 et
617 2487 643 2552 si
664 2508 730 2552 non
752 2487 901 2553 omnibus
930 2487 1070 2553 numeris
1097 2487 1276 2574 perlectum
1301 2489 1359 2555 eb-

307 2603 521 2692 solutumque,
533 2605 642 2670 multis
651 2614 759 2670 tamen
772 2603 955 2671 nominibus
971 2603 1064 2670 ualde
1075 2603 1246 2687 laudabile,
1261 2602 1358 2690 quale

308 2721 545 2807 sexagesimum
575 2731 724 2809 quartum
752 2720 935 2788 babendum
967 2731 1033 2804 est,
1064 2720 1227 2788 Catullum
1255 2721 1357 2786 multo

308 2836 506 2924 probabilius
529 2857 598 2904 esse
621 2847 727 2904 aetate
746 2837 812 2904 iam
829 2839 957 2904 firmata
977 2859 1075 2925 quam
1095 2837 1273 2904 iuuentutis
1293 2837 1358 2926 pri-

306 2973 380 3018 mae
408 2951 500 3019 annis
529 2954 653 3020 fecisse.
696 2953 781 3020 idem
803 2957 872 3022 lere
894 2946 935 3020 de
955 2965 1103 3042 tempore
1123 2975 1187 3040 quo
1209 2952 1358 3022 Catullus

306 3091 436 3136 carmen
474 3088 553 3136 uum
592 3070 633 3136 de
669 3072 742 3137 Atti
778 3072 908 3158 scripsit
945 3071 1117 3138 dicendum
1158 3079 1216 3138 est.
1278 3093 1356 3136 nam

309 3185 349 3252 (le
379 3187 440 3251 bac
474 3209 513 3252 re
547 3187 626 3253 nibil
663 3187 785 3254 discere
820 3209 987 3275 possumus
1029 3210 1072 3254 ex
1101 3187 1170 3276 ipso
1205 3187 1357 3268 carmine,

308 3305 366 3368 elsi
409 3303 501 3369 huius
537 3327 684 3388 caumas,
735 3305 760 3370 si
796 3303 841 3370 ita
876 3305 965 3391 loqui
997 3303 1090 3390 licet,
1127 3328 1192 3372 non
1227 3304 1261 3370 in
1287 3304 1356 3372 sola

305 3420 484 3488 studiorum
528 3419 649 3488 Catulli
688 3420 888 3510 poeticorum
931 3423 1056 3488 ratione
1097 3421 1143 3508 (id
1186 3421 1273 3506 quod
1314 3422 1355 3488 de

304 3535 501 3603 carminibus
530 3557 597 3602 uxo
631 3545 664 3602 ct
695 3556 782 3602 exim
816 3536 1055 3604 concedendum
1086 3541 1148 3621 est)
1177 3539 1234 3604 sed
1264 3559 1354 3626 prae

304 3661 356 3716 ter
383 3653 464 3718 hoec
492 3653 599 3720 studia
627 3654 726 3720 etiam
753 3655 786 3718 in
809 3653 908 3718 sacris
929 3675 1067 3740 magnae
1088 3655 1198 3720 metris
1219 3655 1354 3722 deorum

308 3770 373 3834 iam
407 3769 481 3835 inde
513 3792 554 3836 ex
581 3769 677 3836 Marii
708 3779 741 3834 et
773 3769 884 3836 Sullae
915 3769 1113 3858 temporibus
1147 3771 1354 3838 adcrescente

312 3907 389 3951 cura
424 3895 457 3952 et
492 3884 598 3952 studio
634 3885 758 3952 Romae
794 3885 948 3952 celebrari
978 3887 1101 3973 coeptis
1134 3887 1189 3970 (cf.
1218 3886 1352 3954 Prelleri
