<?xml version="1.0" encoding="UTF-8"?>
<!DOCTYPE html PUBLIC "-//W3C//DTD XHTML 1.0 Transitional//EN"
    "http://www.w3.org/TR/xhtml1/DTD/xhtml1-transitional.dtd">
<html xmlns="http://www.w3.org/1999/xhtml" xml:lang="en" lang="en">
 <head>
  <title>
</title>
<meta http-equiv="Content-Type" content="text/html;charset=utf-8" />
  <meta name='ocr-system' content='tesseract 3.04.00' />
  <meta name='ocr-capabilities' content='ocr_page ocr_carea ocr_par ocr_line ocrx_word'/>
</head>
<body>
  <div class='ocr_page' id='page_1' title='image "./gvalericatvllil00schwgoog_0069.png"; bbox 0 0 2920 4492; ppageno 0'>
   <div class='ocr_carea' id='block_1_1' title="bbox 271 357 1045 414">
    <p class='ocr_par' dir='ltr' id='par_1_1' title="bbox 271 357 1045 414">
     <span class='ocr_line' id='line_1_1' title="bbox 271 357 1045 414; baseline -0.003 0"><span class='ocrx_word' id='word_1_1' title='bbox 271 361 306 414; x_wconf 80' lang='grc'>66</span> <span class='ocrx_word' id='word_1_2' title='bbox 539 359 593 414; x_wconf 86' lang='lat'>1111</span> <span class='ocrx_word' id='word_1_3' title='bbox 625 359 674 412; x_wconf 75' lang='lat' dir='ltr'>DE</span> <span class='ocrx_word' id='word_1_4' title='bbox 690 357 869 412; x_wconf 71' lang='lat' dir='ltr'>morters</span> <span class='ocrx_word' id='word_1_5' title='bbox 887 358 1045 414; x_wconf 69' lang='lat' dir='ltr'>curvum</span> 
     </span>
    </p>
   </div>
   <div class='ocr_carea' id='block_1_2' title="bbox 267 525 1322 3893">
    <p class='ocr_par' dir='ltr' id='par_1_2' title="bbox 267 525 1322 2719">
     <span class='ocr_line' id='line_1_2' title="bbox 271 525 1321 618; baseline 0.003 -26"><span class='ocrx_word' id='word_1_6' title='bbox 271 525 454 612; x_wconf 85' lang='lat' dir='ltr'>opinionem</span> <span class='ocrx_word' id='word_1_7' title='bbox 476 548 567 594; x_wconf 85' lang='lat' dir='ltr'>suam</span> <span class='ocrx_word' id='word_1_8' title='bbox 588 528 689 594; x_wconf 89' lang='lat' dir='ltr'>uerbo</span> <span class='ocrx_word' id='word_1_9' title='bbox 704 536 816 594; x_wconf 83' lang='lat' dir='ltr'>notere</span> <span class='ocrx_word' id='word_1_10' title='bbox 831 549 927 616; x_wconf 84' lang='lat' dir='ltr'>quam</span> <span class='ocrx_word' id='word_1_11' title='bbox 950 528 1134 594; x_wconf 79' lang='lat' dir='ltr'>adcuratins</span> <span class='ocrx_word' id='word_1_12' title='bbox 1157 549 1321 618; x_wconf 78' lang='lat' dir='ltr'>exponere</span> 
     </span>
     <span class='ocr_line' id='line_1_3' title="bbox 268 642 1321 733; baseline 0.004 -25"><span class='ocrx_word' id='word_1_13' title='bbox 268 643 418 726; x_wconf 84' lang='lat' dir='ltr'>mallent,</span> <span class='ocrx_word' id='word_1_14' title='bbox 451 642 590 710; x_wconf 77' lang='lat' dir='ltr'>editores</span> <span class='ocrx_word' id='word_1_15' title='bbox 610 653 644 710; x_wconf 84' lang='grc'>61</span> <span class='ocrx_word' id='word_1_16' title='bbox 663 645 856 732; x_wconf 80' lang='lat' dir='ltr'>interpretes</span> <span class='ocrx_word' id='word_1_17' title='bbox 878 667 948 711; x_wconf 83' lang='lat' dir='ltr'>eam</span> <span class='ocrx_word' id='word_1_18' title='bbox 969 645 1026 710; x_wconf 82' lang='lat' dir='ltr'>uix</span> <span class='ocrx_word' id='word_1_19' title='bbox 1047 645 1179 733; x_wconf 77' lang='lat' dir='ltr'>dignam</span> <span class='ocrx_word' id='word_1_20' title='bbox 1200 645 1321 712; x_wconf 86' lang='lat' dir='ltr'>habue-</span> 
     </span>
     <span class='ocr_line' id='line_1_4' title="bbox 271 761 1319 850; baseline 0.005 -25"><span class='ocrx_word' id='word_1_21' title='bbox 271 769 347 826; x_wconf 86' lang='lat' dir='ltr'>runt</span> <span class='ocrx_word' id='word_1_22' title='bbox 368 783 464 849; x_wconf 76' lang='lat' dir='ltr'>quom</span> <span class='ocrx_word' id='word_1_23' title='bbox 486 771 782 827; x_wconf 81' lang='lat' dir='ltr'>commemorarent.</span> <span class='ocrx_word' id='word_1_24' title='bbox 824 763 947 849; x_wconf 87' lang='lat' dir='ltr'>primus</span> <span class='ocrx_word' id='word_1_25' title='bbox 962 761 1017 850; x_wconf 89' lang='lat' dir='ltr'>qui</span> <span class='ocrx_word' id='word_1_26' title='bbox 1038 764 1225 830; x_wconf 78' lang='lat' dir='ltr'>memoriam</span> <span class='ocrx_word' id='word_1_27' title='bbox 1248 764 1319 830; x_wconf 88' lang='lat' dir='ltr'>ueri</span> 
     </span>
     <span class='ocr_line' id='line_1_5' title="bbox 270 877 1320 968; baseline 0.002 -24"><span class='ocrx_word' id='word_1_28' title='bbox 270 887 382 944; x_wconf 85' lang='lat' dir='ltr'>nostra</span> <span class='ocrx_word' id='word_1_29' title='bbox 410 887 516 944; x_wconf 85' lang='lat' dir='ltr'>aetate</span> <span class='ocrx_word' id='word_1_30' title='bbox 548 877 683 944; x_wconf 85' lang='lat' dir='ltr'>recoluit</span> <span class='ocrx_word' id='word_1_31' title='bbox 708 877 884 945; x_wconf 79' lang='lat' dir='ltr'>Mauricius</span> <span class='ocrx_word' id='word_1_32' title='bbox 911 877 1072 968; x_wconf 83' lang='lat' dir='ltr'>Hauptius</span> <span class='ocrx_word' id='word_1_33' title='bbox 1100 879 1178 964; x_wconf 86' lang='lat' dir='ltr'>fuit,</span> <span class='ocrx_word' id='word_1_34' title='bbox 1208 881 1264 968; x_wconf 91' lang='lat' dir='ltr'>qui</span> <span class='ocrx_word' id='word_1_35' title='bbox 1284 879 1320 946; x_wconf 88' lang='grc'>16</span> 
     </span>
     <span class='ocr_line' id='line_1_6' title="bbox 270 993 1320 1084; baseline 0.001 -23"><span class='ocrx_word' id='word_1_36' title='bbox 270 994 549 1062; x_wconf 83' lang='lat' dir='ltr'>obseruationibus</span> <span class='ocrx_word' id='word_1_37' title='bbox 563 993 680 1060; x_wconf 86' lang='lat' dir='ltr'>criticis</span> <span class='ocrx_word' id='word_1_38' title='bbox 695 1017 726 1081; x_wconf 93' lang='lat' dir='ltr'>p.</span> <span class='ocrx_word' id='word_1_39' title='bbox 742 993 855 1060; x_wconf 86' lang='lat' dir='ltr'>8hsee</span> <span class='ocrx_word' id='word_1_40' title='bbox 869 995 1007 1084; x_wconf 76' lang='lat' dir='ltr'>scripsit,</span> <span class='ocrx_word' id='word_1_41' title='bbox 1025 995 1170 1061; x_wconf 76' lang='lat' dir='ltr'>Lesbiam</span> <span class='ocrx_word' id='word_1_42' title='bbox 1186 995 1320 1062; x_wconf 78' lang='lat' dir='ltr'>Clodium</span> 
     </span>
     <span class='ocr_line' id='line_1_7' title="bbox 267 1111 1321 1198; baseline 0.001 -20"><span class='ocrx_word' id='word_1_43' title='bbox 267 1117 357 1178; x_wconf 77' lang='grc'>111661</span> <span class='ocrx_word' id='word_1_44' title='bbox 378 1135 442 1177; x_wconf 81' lang='lat' dir='ltr'>eras</span> <span class='ocrx_word' id='word_1_45' title='bbox 471 1111 738 1198; x_wconf 68' lang='lat' dir='ltr'>quadrantariam,</span> <span class='ocrx_word' id='word_1_46' title='bbox 767 1113 932 1198; x_wconf 69' lang='lat' dir='ltr'>rectiusque</span> <span class='ocrx_word' id='word_1_47' title='bbox 959 1133 1051 1198; x_wconf 81' lang='lat' dir='ltr'>quom</span> <span class='ocrx_word' id='word_1_48' title='bbox 1079 1135 1177 1198; x_wconf 75' lang='lat' dir='ltr'>uapor</span> <span class='ocrx_word' id='word_1_49' title='bbox 1198 1113 1321 1193; x_wconf 78' lang='grc'>1661661</span> 
     </span>
     <span class='ocr_line' id='line_1_8' title="bbox 269 1229 1320 1316; baseline 0.001 -21"><span class='ocrx_word' id='word_1_50' title='bbox 269 1231 394 1296; x_wconf 73' lang='lat' dir='ltr'>morini</span> <span class='ocrx_word' id='word_1_51' title='bbox 413 1229 452 1294; x_wconf 82' lang='lat' dir='ltr'>de</span> <span class='ocrx_word' id='word_1_52' title='bbox 471 1252 510 1294; x_wconf 81' lang='lat' dir='ltr'>ea</span> <span class='ocrx_word' id='word_1_53' title='bbox 527 1250 561 1293; x_wconf 82' lang='lat' dir='ltr'>rs</span> <span class='ocrx_word' id='word_1_54' title='bbox 587 1229 706 1292; x_wconf 80' lang='lat' dir='ltr'>soeculo</span> <span class='ocrx_word' id='word_1_55' title='bbox 735 1241 818 1294; x_wconf 80' lang='lat' dir='ltr'>serto</span> <span class='ocrx_word' id='word_1_56' title='bbox 839 1229 955 1294; x_wconf 79' lang='lat' dir='ltr'>decimo</span> <span class='ocrx_word' id='word_1_57' title='bbox 974 1229 1149 1314; x_wconf 69' lang='lat' dir='ltr'>primanos</span> <span class='ocrx_word' id='word_1_58' title='bbox 1169 1229 1320 1316; x_wconf 70' lang='grc'>96661661</span> 
     </span>
     <span class='ocr_line' id='line_1_9' title="bbox 269 1344 1320 1431; baseline 0.001 -19"><span class='ocrx_word' id='word_1_59' title='bbox 269 1349 355 1412; x_wconf 75' lang='lat' dir='ltr'>ceos</span> <span class='ocrx_word' id='word_1_60' title='bbox 376 1347 539 1426; x_wconf 67' lang='grc'>1611116666,</span> <span class='ocrx_word' id='word_1_61' title='bbox 566 1345 684 1431; x_wconf 78' lang='lat' dir='ltr'>liquido</span> <span class='ocrx_word' id='word_1_62' title='bbox 705 1344 884 1430; x_wconf 78' lang='lat' dir='ltr'>conflmcre</span> <span class='ocrx_word' id='word_1_63' title='bbox 904 1367 995 1430; x_wconf 73' lang='lat' dir='ltr'>pom</span> <span class='ocrx_word' id='word_1_64' title='bbox 1015 1345 1094 1411; x_wconf 77' lang='lat' dir='ltr'>mili</span> <span class='ocrx_word' id='word_1_65' title='bbox 1112 1345 1225 1412; x_wconf 76' lang='lat' dir='ltr'>uideor</span> <span class='ocrx_word' id='word_1_66' title='bbox 1247 1395 1255 1412; x_wconf 88' lang='lat'><strong>.</strong></span> <span class='ocrx_word' id='word_1_67' title='bbox 1280 1397 1287 1412; x_wconf 95' lang='lat'><strong>.</strong></span> <span class='ocrx_word' id='word_1_68' title='bbox 1311 1395 1320 1413; x_wconf 88' lang='lat'><strong>.</strong></span> 
     </span>
     <span class='ocr_line' id='line_1_10' title="bbox 269 1460 1321 1552; baseline 0.002 -24"><span class='ocrx_word' id='word_1_69' title='bbox 269 1486 377 1528; x_wconf 80' lang='lat' dir='ltr'>aerum</span> <span class='ocrx_word' id='word_1_70' title='bbox 406 1460 447 1527; x_wconf 83' lang='grc'>66</span> <span class='ocrx_word' id='word_1_71' title='bbox 474 1461 531 1526; x_wconf 71' lang='lat' dir='ltr'>tac</span> <span class='ocrx_word' id='word_1_72' title='bbox 561 1463 811 1527; x_wconf 76' lang='lat' dir='ltr'>demonstratione</span> <span class='ocrx_word' id='word_1_73' title='bbox 839 1485 922 1528; x_wconf 80' lang='grc'>6666</span> <span class='ocrx_word' id='word_1_74' title='bbox 955 1462 1082 1552; x_wconf 77' lang='lat' dir='ltr'>quidem</span> <span class='ocrx_word' id='word_1_75' title='bbox 1112 1463 1321 1530; x_wconf 63' lang='grc'>6666661116</span> 
     </span>
     <span class='ocr_line' id='line_1_11' title="bbox 270 1577 1319 1646; baseline 0 -1"><span class='ocrx_word' id='word_1_76' title='bbox 270 1585 459 1645; x_wconf 69' lang='grc'>6616666116.</span> <span class='ocrx_word' id='word_1_77' title='bbox 502 1578 575 1644; x_wconf 91' lang='lat' dir='ltr'>huic</span> <span class='ocrx_word' id='word_1_78' title='bbox 606 1578 666 1643; x_wconf 92' lang='lat' dir='ltr'>uiri</span> <span class='ocrx_word' id='word_1_79' title='bbox 694 1577 869 1644; x_wconf 89' lang='lat' dir='ltr'>doctissimi</span> <span class='ocrx_word' id='word_1_80' title='bbox 890 1579 1070 1646; x_wconf 82' lang='lat' dir='ltr'>sententiae</span> <span class='ocrx_word' id='word_1_81' title='bbox 1092 1579 1177 1644; x_wconf 93' lang='lat' dir='ltr'>bono</span> <span class='ocrx_word' id='word_1_82' title='bbox 1199 1579 1319 1646; x_wconf 89' lang='lat' dir='ltr'>indicio</span> 
     </span>
     <span class='ocr_line' id='line_1_12' title="bbox 271 1695 1321 1783; baseline 0 -21"><span class='ocrx_word' id='word_1_83' title='bbox 271 1697 320 1762; x_wconf 89' lang='lat' dir='ltr'>nsi</span> <span class='ocrx_word' id='word_1_84' title='bbox 353 1695 524 1782; x_wconf 85' lang='lat' dir='ltr'>Helbigius</span> <span class='ocrx_word' id='word_1_85' title='bbox 561 1695 730 1779; x_wconf 83' lang='lat' dir='ltr'>(deutsche</span> <span class='ocrx_word' id='word_1_86' title='bbox 762 1695 865 1760; x_wconf 86' lang='lat' dir='ltr'>iahrb.</span> <span class='ocrx_word' id='word_1_87' title='bbox 900 1695 981 1761; x_wconf 81' lang='grc'>1842</span> <span class='ocrx_word' id='word_1_88' title='bbox 1011 1718 1044 1783; x_wconf 93' lang='lat' dir='ltr'>p.</span> <span class='ocrx_word' id='word_1_89' title='bbox 1082 1695 1177 1781; x_wconf 81' lang='lat'>1218)</span> <span class='ocrx_word' id='word_1_90' title='bbox 1221 1695 1321 1762; x_wconf 81' lang='lat' dir='ltr'>Taui-</span> 
     </span>
     <span class='ocr_line' id='line_1_13' title="bbox 272 1811 1322 1900; baseline 0.002 -22"><span class='ocrx_word' id='word_1_91' title='bbox 272 1813 367 1879; x_wconf 84' lang='lat' dir='ltr'>lalius</span> <span class='ocrx_word' id='word_1_92' title='bbox 381 1812 581 1879; x_wconf 88' lang='lat' dir='ltr'>Kirohnerus</span> <span class='ocrx_word' id='word_1_93' title='bbox 598 1811 652 1894; x_wconf 85' lang='grc'>161</span> <span class='ocrx_word' id='word_1_94' title='bbox 667 1811 796 1877; x_wconf 82' lang='lat' dir='ltr'>Horatii</span> <span class='ocrx_word' id='word_1_95' title='bbox 816 1821 899 1878; x_wconf 79' lang='grc'>6611</span> <span class='ocrx_word' id='word_1_96' title='bbox 917 1811 1025 1900; x_wconf 89' lang='grc'>1019)</span> <span class='ocrx_word' id='word_1_97' title='bbox 1047 1811 1322 1900; x_wconf 79' lang='lat' dir='ltr'>Iungclanssenus</span> 
     </span>
     <span class='ocr_line' id='line_1_14' title="bbox 271 1925 1321 2018; baseline 0 -23"><span class='ocrx_word' id='word_1_98' title='bbox 271 1940 484 2010; x_wconf 70' lang='lat' dir='ltr'>accesserunt</span> <span class='ocrx_word' id='word_1_99' title='bbox 507 1929 593 1996; x_wconf 91' lang='lat' dir='ltr'>solus</span> <span class='ocrx_word' id='word_1_100' title='bbox 613 1925 806 1995; x_wconf 87' lang='lat' dir='ltr'>Leutschius</span> <span class='ocrx_word' id='word_1_101' title='bbox 827 1927 874 2013; x_wconf 90' lang='lat' dir='ltr'>(in</span> <span class='ocrx_word' id='word_1_102' title='bbox 892 1929 1057 2018; x_wconf 82' lang='lat' dir='ltr'>philologo</span> <span class='ocrx_word' id='word_1_103' title='bbox 1079 1953 1102 1995; x_wconf 88' lang='lat' dir='ltr'>x</span> <span class='ocrx_word' id='word_1_104' title='bbox 1123 1929 1199 2014; x_wconf 78' lang='lat'>739)</span> <span class='ocrx_word' id='word_1_105' title='bbox 1222 1931 1321 1995; x_wconf 87' lang='lat' dir='ltr'>refra-</span> 
     </span>
     <span class='ocr_line' id='line_1_15' title="bbox 272 2046 1320 2134; baseline 0 -22"><span class='ocrx_word' id='word_1_106' title='bbox 272 2057 368 2134; x_wconf 80' lang='lat' dir='ltr'>gatus</span> <span class='ocrx_word' id='word_1_107' title='bbox 388 2057 448 2112; x_wconf 88' lang='lat' dir='ltr'>est.</span> <span class='ocrx_word' id='word_1_108' title='bbox 491 2047 604 2112; x_wconf 88' lang='lat' dir='ltr'>horum</span> <span class='ocrx_word' id='word_1_109' title='bbox 633 2047 906 2134; x_wconf 85' lang='lat' dir='ltr'>disputationibus</span> <span class='ocrx_word' id='word_1_110' title='bbox 932 2047 965 2112; x_wconf 93' lang='lat' dir='ltr'>in</span> <span class='ocrx_word' id='word_1_111' title='bbox 994 2069 1090 2113; x_wconf 86' lang='lat' dir='ltr'>usum</span> <span class='ocrx_word' id='word_1_112' title='bbox 1112 2046 1234 2112; x_wconf 81' lang='lat' dir='ltr'>uocatis</span> <span class='ocrx_word' id='word_1_113' title='bbox 1254 2047 1320 2112; x_wconf 88' lang='lat' dir='ltr'>iam</span> 
     </span>
     <span class='ocr_line' id='line_1_16' title="bbox 269 2161 1321 2252; baseline 0.003 -24"><span class='ocrx_word' id='word_1_114' title='bbox 269 2163 331 2252; x_wconf 90' lang='lat' dir='ltr'>ipsi</span> <span class='ocrx_word' id='word_1_115' title='bbox 360 2163 581 2230; x_wconf 81' lang='lat' dir='ltr'>demonstrare</span> <span class='ocrx_word' id='word_1_116' title='bbox 609 2162 820 2252; x_wconf 83' lang='lat' dir='ltr'>suscipiemus</span> <span class='ocrx_word' id='word_1_117' title='bbox 851 2161 999 2232; x_wconf 81' lang='lat' dir='ltr'>Clodiam</span> <span class='ocrx_word' id='word_1_118' title='bbox 1029 2161 1149 2230; x_wconf 82' lang='lat' dir='ltr'>Catulli</span> <span class='ocrx_word' id='word_1_119' title='bbox 1175 2185 1321 2230; x_wconf 90' lang='lat' dir='ltr'>sororem</span> 
     </span>
     <span class='ocr_line' id='line_1_17' title="bbox 270 2277 1321 2369; baseline 0.002 -23"><span class='ocrx_word' id='word_1_120' title='bbox 270 2281 306 2346; x_wconf 91' lang='lat' dir='ltr'>P.</span> <span class='ocrx_word' id='word_1_121' title='bbox 329 2279 435 2348; x_wconf 82' lang='lat' dir='ltr'>Clodii</span> <span class='ocrx_word' id='word_1_122' title='bbox 466 2277 714 2369; x_wconf 83' lang='lat' dir='ltr'>quadrantariae</span> <span class='ocrx_word' id='word_1_123' title='bbox 742 2280 872 2346; x_wconf 87' lang='lat' dir='ltr'>nomine</span> <span class='ocrx_word' id='word_1_124' title='bbox 902 2279 1100 2346; x_wconf 71' lang='lat' dir='ltr'>diffamatam</span> <span class='ocrx_word' id='word_1_125' title='bbox 1129 2281 1239 2348; x_wconf 80' lang='lat' dir='ltr'>fuisse.</span> <span class='ocrx_word' id='word_1_126' title='bbox 1283 2293 1321 2348; x_wconf 85' lang='lat' dir='ltr'>ut</span> 
     </span>
     <span class='ocr_line' id='line_1_18' title="bbox 271 2395 1320 2486; baseline 0.004 -24"><span class='ocrx_word' id='word_1_127' title='bbox 271 2418 350 2463; x_wconf 90' lang='lat' dir='ltr'>uero</span> <span class='ocrx_word' id='word_1_128' title='bbox 373 2395 590 2486; x_wconf 88' lang='lat' dir='ltr'>disquisitioni</span> <span class='ocrx_word' id='word_1_129' title='bbox 609 2407 742 2464; x_wconf 81' lang='lat' dir='ltr'>nostrae</span> <span class='ocrx_word' id='word_1_130' title='bbox 763 2397 849 2463; x_wconf 79' lang='lat' dir='ltr'>uiam</span> <span class='ocrx_word' id='word_1_131' title='bbox 871 2398 1070 2481; x_wconf 83' lang='lat' dir='ltr'>muniemus,</span> <span class='ocrx_word' id='word_1_132' title='bbox 1092 2399 1230 2486; x_wconf 88' lang='lat' dir='ltr'>primum</span> <span class='ocrx_word' id='word_1_133' title='bbox 1253 2423 1320 2466; x_wconf 89' lang='lat' dir='ltr'>non</span> 
     </span>
     <span class='ocr_line' id='line_1_19' title="bbox 270 2512 1321 2602; baseline 0.004 -22"><span class='ocrx_word' id='word_1_134' title='bbox 270 2514 357 2580; x_wconf 82' lang='lat' dir='ltr'>nulla</span> <span class='ocrx_word' id='word_1_135' title='bbox 389 2515 430 2582; x_wconf 88' lang='lat' dir='ltr'>de</span> <span class='ocrx_word' id='word_1_136' title='bbox 460 2514 583 2580; x_wconf 82' lang='lat' dir='ltr'>familia</span> <span class='ocrx_word' id='word_1_137' title='bbox 615 2525 647 2580; x_wconf 87' lang='lat' dir='ltr'>et</span> <span class='ocrx_word' id='word_1_138' title='bbox 679 2524 785 2581; x_wconf 85' lang='grc'>661616</span> <span class='ocrx_word' id='word_1_139' title='bbox 820 2512 953 2581; x_wconf 87' lang='lat' dir='ltr'>Clodiae</span> <span class='ocrx_word' id='word_1_140' title='bbox 983 2515 1232 2602; x_wconf 73' lang='lat' dir='ltr'>quadrantariae</span> <span class='ocrx_word' id='word_1_141' title='bbox 1266 2539 1321 2584; x_wconf 85' lang='lat' dir='ltr'>ex·</span> 
     </span>
     <span class='ocr_line' id='line_1_20' title="bbox 270 2631 601 2719; baseline -0.006 -21"><span class='ocrx_word' id='word_1_142' title='bbox 270 2633 419 2719; x_wconf 84' lang='lat' dir='ltr'>ponenda</span> <span class='ocrx_word' id='word_1_143' title='bbox 440 2631 601 2698; x_wconf 87' lang='lat' dir='ltr'>uidentur.</span> 
     </span>
    </p>

    <p class='ocr_par' dir='ltr' id='par_1_3' title="bbox 269 2746 1322 3893">
     <span class='ocr_line' id='line_1_21' title="bbox 352 2746 1322 2836; baseline 0.005 -23"><span class='ocrx_word' id='word_1_144' title='bbox 352 2749 480 2836; x_wconf 88' lang='lat' dir='ltr'>Appius</span> <span class='ocrx_word' id='word_1_145' title='bbox 513 2747 668 2814; x_wconf 80' lang='lat' dir='ltr'>Claudius</span> <span class='ocrx_word' id='word_1_146' title='bbox 696 2746 813 2813; x_wconf 86' lang='lat' dir='ltr'>Pulcer</span> <span class='ocrx_word' id='word_1_147' title='bbox 844 2757 975 2835; x_wconf 88' lang='lat' dir='ltr'>praetor</span> <span class='ocrx_word' id='word_1_148' title='bbox 1004 2773 1034 2814; x_wconf 86' lang='lat' dir='ltr'>a.</span> <span class='ocrx_word' id='word_1_149' title='bbox 1062 2749 1180 2827; x_wconf 81' lang='grc'>666189</span> <span class='ocrx_word' id='word_1_150' title='bbox 1207 2751 1322 2818; x_wconf 86' lang='lat' dir='ltr'>consul</span> 
     </span>
     <span class='ocr_line' id='line_1_22' title="bbox 271 2862 1320 2952; baseline 0.005 -22"><span class='ocrx_word' id='word_1_151' title='bbox 271 2862 665 2944; x_wconf 76' lang='grc'>66761796606661116</span> <span class='ocrx_word' id='word_1_152' title='bbox 688 2885 808 2942; x_wconf 87' lang='lat' dir='ltr'>uxore,</span> <span class='ocrx_word' id='word_1_153' title='bbox 841 2863 882 2944; x_wconf 84' lang='lat' dir='ltr'>Q.</span> <span class='ocrx_word' id='word_1_154' title='bbox 905 2863 1029 2931; x_wconf 85' lang='lat' dir='ltr'>Metelli</span> <span class='ocrx_word' id='word_1_155' title='bbox 1060 2863 1320 2952; x_wconf 76' lang='grc' dir='ltr'>Β616611616116,</span> 
     </span>
     <span class='ocr_line' id='line_1_23' title="bbox 270 2980 1320 3071; baseline 0.003 -23"><span class='ocrx_word' id='word_1_156' title='bbox 270 2993 335 3048; x_wconf 80' lang='lat' dir='ltr'>tres</span> <span class='ocrx_word' id='word_1_157' title='bbox 365 2981 448 3048; x_wconf 90' lang='lat' dir='ltr'>filios</span> <span class='ocrx_word' id='word_1_158' title='bbox 476 2992 607 3071; x_wconf 79' lang='lat' dir='ltr'>tresque</span> <span class='ocrx_word' id='word_1_159' title='bbox 633 2980 716 3048; x_wconf 88' lang='lat' dir='ltr'>filias</span> <span class='ocrx_word' id='word_1_160' title='bbox 738 2982 861 3069; x_wconf 82' lang='lat' dir='ltr'>genuit.</span> <span class='ocrx_word' id='word_1_161' title='bbox 904 2981 1030 3070; x_wconf 88' lang='lat' dir='ltr'>Appius</span> <span class='ocrx_word' id='word_1_162' title='bbox 1052 2980 1157 3050; x_wconf 86' lang='lat' dir='ltr'>Gaius</span> <span class='ocrx_word' id='word_1_163' title='bbox 1179 2983 1320 3052; x_wconf 90' lang='lat' dir='ltr'>Publius</span> 
     </span>
     <span class='ocr_line' id='line_1_24' title="bbox 269 3097 1319 3189; baseline 0 -23"><span class='ocrx_word' id='word_1_164' title='bbox 269 3101 327 3167; x_wconf 88' lang='lat' dir='ltr'>lilii</span> <span class='ocrx_word' id='word_1_165' title='bbox 350 3109 457 3182; x_wconf 87' lang='lat' dir='ltr'>erant,</span> <span class='ocrx_word' id='word_1_166' title='bbox 486 3098 624 3165; x_wconf 87' lang='lat' dir='ltr'>filiarum</span> <span class='ocrx_word' id='word_1_167' title='bbox 653 3107 732 3164; x_wconf 79' lang='lat' dir='ltr'>natu</span> <span class='ocrx_word' id='word_1_168' title='bbox 753 3099 895 3164; x_wconf 83' lang='lat' dir='ltr'>maxima</span> <span class='ocrx_word' id='word_1_169' title='bbox 915 3121 999 3164; x_wconf 87' lang='lat' dir='ltr'>uxor</span> <span class='ocrx_word' id='word_1_170' title='bbox 1021 3097 1062 3178; x_wconf 84' lang='lat' dir='ltr'>Q.</span> <span class='ocrx_word' id='word_1_171' title='bbox 1079 3099 1192 3166; x_wconf 87' lang='lat' dir='ltr'>Marcii</span> <span class='ocrx_word' id='word_1_172' title='bbox 1216 3100 1319 3189; x_wconf 80' lang='lat' dir='ltr'>Regis</span> 
     </span>
     <span class='ocr_line' id='line_1_25' title="bbox 270 3212 1319 3305; baseline 0.002 -23"><span class='ocrx_word' id='word_1_173' title='bbox 270 3217 412 3282; x_wconf 87' lang='lat' dir='ltr'>consulis</span> <span class='ocrx_word' id='word_1_174' title='bbox 434 3239 461 3282; x_wconf 80' lang='lat' dir='ltr'>a</span> <span class='ocrx_word' id='word_1_175' title='bbox 483 3215 600 3294; x_wconf 89' lang='grc'>686168</span> <span class='ocrx_word' id='word_1_176' title='bbox 620 3214 691 3298; x_wconf 79' lang='lat' dir='ltr'>fuit,</span> <span class='ocrx_word' id='word_1_177' title='bbox 713 3212 829 3282; x_wconf 80' lang='lat' dir='ltr'>Clodia</span> <span class='ocrx_word' id='word_1_178' title='bbox 850 3215 962 3293; x_wconf 89' lang='lat' dir='ltr'>maior,</span> <span class='ocrx_word' id='word_1_179' title='bbox 984 3237 1082 3305; x_wconf 86' lang='lat' dir='ltr'>quarn</span> <span class='ocrx_word' id='word_1_180' title='bbox 1098 3213 1220 3283; x_wconf 81' lang='lat' dir='ltr'>Oatrrlli</span> <span class='ocrx_word' id='word_1_181' title='bbox 1241 3219 1319 3284; x_wconf 86' lang='lat' dir='ltr'>anri·</span> 
     </span>
     <span class='ocr_line' id='line_1_26' title="bbox 271 3329 1319 3422; baseline 0.001 -22"><span class='ocrx_word' id='word_1_182' title='bbox 271 3357 342 3400; x_wconf 82' lang='lat' dir='ltr'>com</span> <span class='ocrx_word' id='word_1_183' title='bbox 357 3335 457 3400; x_wconf 89' lang='lat' dir='ltr'>luisse</span> <span class='ocrx_word' id='word_1_184' title='bbox 471 3343 633 3422; x_wconf 85' lang='lat' dir='ltr'>putemus,</span> <span class='ocrx_word' id='word_1_185' title='bbox 656 3331 698 3412; x_wconf 81' lang='lat' dir='ltr'>Q.</span> <span class='ocrx_word' id='word_1_186' title='bbox 716 3329 848 3398; x_wconf 85' lang='lat' dir='ltr'>Metello</span> <span class='ocrx_word' id='word_1_187' title='bbox 866 3331 972 3400; x_wconf 82' lang='lat' dir='ltr'>Celeri</span> <span class='ocrx_word' id='word_1_188' title='bbox 998 3333 1129 3399; x_wconf 83' lang='lat' dir='ltr'>minima</span> <span class='ocrx_word' id='word_1_189' title='bbox 1140 3333 1178 3400; x_wconf 79' lang='lat' dir='ltr'>L.</span> <span class='ocrx_word' id='word_1_190' title='bbox 1190 3333 1319 3404; x_wconf 85' lang='lat' dir='ltr'>Licinio</span> 
     </span>
     <span class='ocr_line' id='line_1_27' title="bbox 270 3446 1320 3540; baseline 0.006 -24"><span class='ocrx_word' id='word_1_191' title='bbox 270 3449 408 3516; x_wconf 85' lang='lat' dir='ltr'>Lucullo</span> <span class='ocrx_word' id='word_1_192' title='bbox 442 3460 632 3539; x_wconf 89' lang='lat' dir='ltr'>nupserunt.</span> <span class='ocrx_word' id='word_1_193' title='bbox 681 3451 721 3516; x_wconf 92' lang='grc'>16</span> <span class='ocrx_word' id='word_1_194' title='bbox 763 3446 898 3516; x_wconf 82' lang='lat' dir='ltr'>Clodiae</span> <span class='ocrx_word' id='word_1_195' title='bbox 929 3450 1176 3540; x_wconf 82' lang='lat' dir='ltr'>quadrantariae</span> <span class='ocrx_word' id='word_1_196' title='bbox 1211 3463 1320 3522; x_wconf 82' lang='grc'>661616</span> 
     </span>
     <span class='ocr_line' id='line_1_28' title="bbox 269 3565 1319 3658; baseline 0.003 -23"><span class='ocrx_word' id='word_1_197' title='bbox 269 3569 359 3635; x_wconf 85' lang='grc'>16666</span> <span class='ocrx_word' id='word_1_198' title='bbox 387 3567 553 3636; x_wconf 83' lang='lat' dir='ltr'>Ciceronis</span> <span class='ocrx_word' id='word_1_199' title='bbox 582 3591 640 3658; x_wconf 91' lang='lat' dir='ltr'>pro</span> <span class='ocrx_word' id='word_1_200' title='bbox 669 3565 780 3634; x_wconf 79' lang='lat' dir='ltr'>(laelio</span> <span class='ocrx_word' id='word_1_201' title='bbox 806 3569 844 3634; x_wconf 81' lang='lat'>15</span> <span class='ocrx_word' id='word_1_202' title='bbox 864 3568 906 3636; x_wconf 84' lang='grc'>36</span> <span class='ocrx_word' id='word_1_203' title='bbox 927 3569 1143 3636; x_wconf 87' lang='lat' dir='ltr'>consulendus</span> <span class='ocrx_word' id='word_1_204' title='bbox 1172 3579 1229 3637; x_wconf 82' lang='lat' dir='ltr'>est</span> <span class='ocrx_word' id='word_1_205' title='bbox 1273 3571 1319 3638; x_wconf 88' lang='lat' dir='ltr'>ibi</span> 
     </span>
     <span class='ocr_line' id='line_1_29' title="bbox 270 3683 1318 3774; baseline 0.001 -21"><span class='ocrx_word' id='word_1_206' title='bbox 270 3683 386 3753; x_wconf 76' lang='lat' dir='ltr'>cicero</span> <span class='ocrx_word' id='word_1_207' title='bbox 408 3685 451 3751; x_wconf 91' lang='grc'>61</span> <span class='ocrx_word' id='word_1_208' title='bbox 465 3683 612 3753; x_wconf 83' lang='lat' dir='ltr'>Clodiam</span> <span class='ocrx_word' id='word_1_209' title='bbox 635 3685 896 3774; x_wconf 73' lang='lat' dir='ltr'>quadrantariam</span> <span class='ocrx_word' id='word_1_210' title='bbox 912 3689 1014 3774; x_wconf 86' lang='lat' dir='ltr'>ipsam</span> <span class='ocrx_word' id='word_1_211' title='bbox 1035 3709 1212 3754; x_wconf 86' lang='lat' dir='ltr'>conuersus</span> <span class='ocrx_word' id='word_1_212' title='bbox 1227 3688 1318 3772; x_wconf 83' lang='lat' dir='ltr'>haec,</span> 
     </span>
     <span class='ocr_line' id='line_1_30' title="bbox 270 3802 1319 3893; baseline 0.002 -24"><span class='ocrx_word' id='word_1_213' title='bbox 270 3825 307 3869; x_wconf 78' lang='lat' dir='ltr'>er</span> <span class='ocrx_word' id='word_1_214' title='bbox 328 3804 490 3884; x_wconf 73' lang='grc'>1611611111,</span> <span class='ocrx_word' id='word_1_215' title='bbox 516 3802 631 3893; x_wconf 72' lang='lat' dir='ltr'>inquit,</span> <span class='ocrx_word' id='word_1_216' title='bbox 654 3827 773 3870; x_wconf 73' lang='lat' dir='ltr'>mmam</span> <span class='ocrx_word' id='word_1_217' title='bbox 794 3805 933 3891; x_wconf 69' lang='lat' dir='ltr'>clipeos</span> <span class='ocrx_word' id='word_1_218' title='bbox 954 3828 992 3869; x_wconf 86' lang='lat' dir='ltr'>uc</span> <span class='ocrx_word' id='word_1_219' title='bbox 1012 3804 1204 3890; x_wconf 66' lang='grc' dir='ltr'>116ιὴ616166</span> <span class='ocrx_word' id='word_1_220' title='bbox 1225 3805 1319 3871; x_wconf 75' lang='lat' dir='ltr'>ms&#39;ai·</span> 
     </span>
    </p>
   </div>
   <div class='ocr_carea' id='block_1_3' title="bbox 269 3917 1319 4010">
    <p class='ocr_par' dir='ltr' id='par_1_4' title="bbox 269 3917 1319 4010">
     <span class='ocr_line' id='line_1_31' title="bbox 269 3917 1319 4010; baseline 0.002 -24"><span class='ocrx_word' id='word_1_221' title='bbox 269 3943 349 3986; x_wconf 82' lang='lat' dir='ltr'>mum</span> <span class='ocrx_word' id='word_1_222' title='bbox 359 3917 514 4008; x_wconf 72' lang='lat' dir='ltr'>fratrem,</span> <span class='ocrx_word' id='word_1_223' title='bbox 546 3922 604 4008; x_wconf 74' lang='lat' dir='ltr'>qui</span> <span class='ocrx_word' id='word_1_224' title='bbox 622 3920 721 3988; x_wconf 79' lang='grc'>661111</span> <span class='ocrx_word' id='word_1_225' title='bbox 740 3926 793 3986; x_wconf 83' lang='lat' dir='ltr'>isto</span> <span class='ocrx_word' id='word_1_226' title='bbox 812 3943 922 4010; x_wconf 73' lang='lat' dir='ltr'>persero</span> <span class='ocrx_word' id='word_1_227' title='bbox 943 3922 1180 4001; x_wconf 62' lang='lat' dir='ltr'>amaeam,</span> <span class='ocrx_word' id='word_1_228' title='bbox 1213 3920 1273 4007; x_wconf 78' lang='lat' dir='ltr'>qai</span> <span class='ocrx_word' id='word_1_229' title='bbox 1292 3935 1319 3988; x_wconf 80' lang='lat' dir='ltr'>ts</span> 
     </span>
    </p>
   </div>
   <div class='ocr_carea' id='block_1_4' title="bbox 0 0 1465 4492">
    <p class='ocr_par' dir='ltr' id='par_1_5' title="bbox 0 0 1465 4492">
     <span class='ocr_line' id='line_1_32' title="bbox 0 0 1465 4492; baseline 0 0"><span class='ocrx_word' id='word_1_230' title='bbox 0 0 1465 4492; x_wconf 95' lang='lat' dir='ltr'> </span> 
     </span>
    </p>
   </div>
  </div>
 </body>
</html>
