2970 4484
268 311 316 362 190
468 307 546 359 Vllll
580 307 627 360 DE
645 307 803 360 CAESARE
821 308 1110 362 ercammarum

266 495 354 556 esse,
395 472 511 538 deinde
545 483 717 560 utrumque
751 474 937 540 morbosum
971 497 1061 558 esse,
1096 495 1192 564 porro
1219 523 1227 538 .
1252 522 1260 538 .
1285 465 1312 554 .’‚

266 611 349 678 quae
376 587 510 676 Hauptii
533 587 581 673 (in
608 591 869 656 obseruationum
899 590 1084 658 criticorum
1106 613 1137 678 p.
1160 591 1215 675 39)
1243 613 1312 655 sen·

264 705 367 772 tentia
395 705 466 772 fuit.
507 725 614 791 neque
641 703 675 770 id
702 703 835 792 probari
860 716 968 793 potest
996 707 1083 793 quod
1104 705 1242 793 Vulpins
1264 729 1312 772 ar·

264 821 401 889 bitratua
423 830 472 887 est
493 819 667 887 Caesarem
688 819 821 904 Romae,
850 819 988 889 Formiis
1009 843 1088 890 uero
1110 822 1311 889 Mamurram

264 937 404 1004 maculas
431 937 491 1003 sibi
519 957 594 1004 auae
621 937 837 1018 contraxisse,
870 959 944 1003 cum
974 947 1079 1005 totum
1108 959 1237 1004 carmen
1267 935 1308 1002 ad

264 1055 432 1142 utriusque
474 1053 720 1120 contubernium
762 1052 911 1120 intimum
953 1065 1088 1144 spectet.
1141 1065 1309 1142 praeterea

263 1179 389 1250 autem,
423 1171 513 1236 utin
534 1171 676 1236 carmine
699 1169 880 1238 enarrando
901 1193 1090 1259 pergamus,
1122 1171 1148 1237 si
1169 1171 1307 1260 patriam

264 1286 425 1354 diuersam
459 1286 662 1368 omittamus,
707 1285 834 1373 utrique
867 1287 975 1354 omnia
1010 1289 1193 1357 communia
1228 1309 1308 1370 esse,

263 1403 399 1491 primum
426 1425 486 1490 par
505 1401 643 1469 fratrum
665 1402 835 1490 gemellum
865 1405 956 1488 (nam
976 1404 1037 1470 hoe
1060 1405 1190 1471 nomine
1214 1426 1308 1493 prop
1387 1418 1393 1426 ·

263 1528 314 1586 ter
340 1520 470 1585 nimiam
495 1540 620 1584 morum
649 1518 887 1585 similitudinem
914 1518 992 1586 istos
1024 1521 1212 1587 coniunctos
1238 1541 1306 1585 essa

263 1635 380 1720 uideri)
410 1635 557 1703 certatim
590 1634 758 1700 muliebria
789 1635 873 1722 pati,
906 1635 1021 1702 deinde
1064 1647 1237 1726 utrumqne
1273 1636 1304 1701 in

263 1752 377 1820 eodem
396 1752 480 1819 lecto
501 1752 720 1818 lucubratorio
743 1753 822 1839 (quo
844 1753 967 1818 utinam
987 1754 1029 1820 ad
1050 1755 1221 1821 nefandam
1239 1753 1306 1820 libi-

263 1868 369 1936 dinem
385 1867 577 1956 explendem
591 1889 633 1934 ne
649 1867 840 1953 abutantur)
854 1867 1044 1952 litterarum,
1065 1867 1092 1933 si
1106 1868 1155 1936 dis
1169 1869 1305 1957 placeat,

261 1983 445 2052 incumbere
467 1983 581 2051 studiis
600 2005 714 2072 parum
735 1983 911 2069 eruditum,
939 2006 1036 2074 porro
1058 1995 1231 2074 utrumque
1254 1987 1304 2052 ad·

262 2101 401 2168 ultorum
431 2099 644 2166 insatiabilem
676 2121 764 2184 esse,
803 2101 943 2190 deniquo
970 2101 1005 2166 in
1039 2103 1159 2170 eisdem
1191 2101 1304 2191 puellis

259 2218 404 2286 amandis
425 2217 542 2284 riuales
557 2239 637 2301 osse,
660 2241 766 2306 nequa
780 2228 896 2302 tamem
919 2229 956 2285 ut
969 2217 1039 2286 fieri
1054 2218 1165 2302 soleat,
1187 2219 1304 2286 riuales

166 2439 170 2444 ⁵
259 2474 294 2519 se
309 2453 519 2518 consociatos.
549 2451 621 2517 ideo
633 2451 778 2538 profacto
789 2452 932 2520 cinaedis
945 2451 1015 2520 istis
1029 2452 1302 2518 beneconuenire.

258 2590 371 2636 uersus
387 2567 465 2633 noni
480 2567 724 2654 explicationem
741 2567 1119 2658 aScaligeromutuatus
1138 2591 1219 2636 sum.
1251 2590 1304 2634 ne

258 2707 321 2773 que
335 2685 422 2752 enim
437 2707 510 2750 cum
521 2683 665 2772 Hauptio
677 2686 725 2769 (in
738 2685 999 2752 obseruationum
1011 2687 1194 2753 criticarum
1207 2708 1238 2773 p.
1248 2685 1303 2768 41)

257 2800 365 2868 faeere
391 2823 538 2889 possum,
571 2801 626 2888 qui
653 2801 857 2870 artificiosius
878 2825 973 2891 quam
995 2801 1104 2870 uerius
1125 2826 1198 2870 cum
1218 2801 1304 2869 Dee

257 2915 361 3005 ringio
381 2907 551 2984 ‘rinellum'
571 2940 683 2984 uocem
713 2920 753 2985 ad
781 2919 946 2987 muliebris
975 2921 1153 3008 patientiae
1183 2921 1302 2986 crimen

256 3033 380 3102 rettulit
408 3042 440 3100 et
466 3025 646 3102 ‘sociorum'
666 3037 860 3103 uocabulum
881 3031 1080 3104 ‘amatorum'
1101 3058 1183 3104 uoce
1204 3033 1301 3123 expli·

256 3151 353 3218 cauit.
395 3173 438 3218 ne
459 3151 587 3239 longior
608 3154 667 3220 aim
689 3165 798 3220 cetera
812 3153 865 3220 alii
887 3152 957 3222 loco
978 3163 1213 3236 recordaturus,
1236 3167 1302 3220 tan·

255 3276 325 3336 tum
354 3267 395 3334 ad
424 3269 663 3356 aequabilitatis
691 3270 799 3358 legem
820 3270 983 3358 quandam
1005 3270 1039 3338 in
1060 3269 1302 3337 enumeratione

254 3384 453 3472 flagitiorum
474 3385 641 3474 utriusque
662 3388 888 3476 conspicuam,
910 3411 976 3474 qua
996 3388 1170 3475 explicatio
1191 3398 1304 3466 nostra

255 3501 366 3588 pulcre
397 3501 658 3588 commendatur,
680 3503 822 3570 animum
849 3525 961 3570 eorum
983 3505 1040 3592 qni
1059 3504 1170 3592 legent
1190 3504 1302 3571 aduer

254 3625 325 3684 tere
351 3617 457 3686 liceat.
499 3619 617 3686 etenim
645 3620 679 3686 in
710 3643 772 3686 uno
799 3641 930 3709 quoque
958 3642 1111 3688 uersuum
1138 3631 1300 3708 quattuor,

254 3755 393 3822 quorum
421 3733 557 3822 singulis
579 3737 708 3824 singula
730 3737 896 3824 utriusque
925 3735 1004 3803 uitia
1030 3737 1301 3825 perstringuntur,

255 3847 402 3918 Catullus
422 3873 538 3918 uocem
552 3854 692 3941 aliquam
707 3851 858 3940 adposuit
872 3874 937 3940 quo
952 3856 1196 3940 congruentiam
1216 3860 1301 3924 inter
