2954 4492
448 352 485 404 v1
519 351 568 406 DE
584 351 762 406 niteamus
780 351 934 406 canuam
1180 353 1228 404 1⁸9

176 519 287 585 eninm
308 529 395 586 esset
425 527 542 608 putare
563 517 728 586 Catullum
750 518 971 608 duodeuiginti
994 540 1095 586 annos
1115 527 1228 584 natum

176 636 219 701 de
240 657 318 702 uere
340 635 456 702 aetatis
486 655 565 701 suae
591 634 667 700 olim
693 635 756 700 ism
778 635 953 723 praeterito
976 645 1125 725 questum
1146 657 1227 702 esse.

176 761 294 818 eontra
325 752 376 818 uir
410 752 633 840 undetriginta
660 773 762 818 annos
790 761 901 832 natus,
941 753 1069 841 qualem
1104 775 1164 818 nos
1198 775 1227 818 a.

177 869 300 946 aeolos
320 867 486 936 Catullum
515 868 617 935 fuisse
638 869 861 948 adfirmamus,
894 870 1010 938 metito
1030 869 1109 936 illuri
1137 868 1229 956 queri

176 987 297 1075 putuit.
336 1006 445 1074 neque
464 985 702 1072 neglegendum
723 997 869 1071 estnon,
898 1009 972 1054 eum
993 987 1081 1054 illam
1102 995 1227 1054 senten·

180 1105 260 1170 tiam
284 1103 537 1191 explioaremus,
570 1103 677 1170 omnia
704 1104 738 1170 in
770 1103 924 1170 auxilium
945 1104 1123 1172 aduoeasse
1144 1125 1228 1192 quae

177 1221 208 1287 ei
239 1219 380 1309 quodam
407 1218 504 1285 modo
532 1219 644 1286 fauere
673 1218 778 1287 uideri
811 1229 973 1308 poterant.
1028 1219 1227 1284 seiunximus

178 1337 265 1403 euim
296 1357 426 1404 carmen
459 1352 571 1406 nxvrrs·
593 1360 613 1402 a
639 1337 782 1404 earmina
803 1343 920 1402 uxvrub
941 1360 949 1402 ε
971 1357 1036 1425 qua
1057 1358 1092 1402 re
1113 1358 1228 1402 uersus

176 1453 268 1538 ilios,
288 1453 375 1520 unde
397 1453 574 1542 disputatio
596 1465 706 1522 nostra
727 1453 872 1542 proseuta
894 1463 960 1538 est,
992 1453 1145 1520 extremis
1168 1451 1228 1520 Oa·

177 1571 252 1638 tulli
274 1581 307 1638 et
326 1569 468 1638 Lesbiae
489 1569 651 1640 amoribus
673 1572 849 1637 attribuere
870 1570 1029 1637 licetret
1059 1569 1228 1657 uulgarem

179 1709 257 1754 cum
271 1685 417 1776 Hauptio
439 1697 473 1754 et
482 1687 737 1774 Iungelsusseno
752 1687 944 1756 sententiam
964 1688 1121 1754 secuturis
1136 1686 1229 1752 nobis

179 1825 312 1872 armen
330 1823 433 1870 nxvru
455 1813 559 1869 totum
580 1804 620 1870 ad
635 1815 763 1893 tempus
778 1827 842 1893 quo
865 1825 955 1870 amor
976 1801 1029 1870 ille
1050 1804 1107 1870 uix
1122 1803 1228 1869 turba·

178 1931 234 1988 tus
264 1931 334 1987 erat
360 1921 591 1988 remouendum
621 1932 670 1988 est
692 1945 700 1986 ι
722 1943 787 2010 qua
814 1943 850 1988 re
877 1919 1081 1988 difficultates
1111 1919 1228 2007 quibus

179 2039 342 2104 sententia
368 2039 426 2104 ilia
455 2038 582 2105 laborat
614 2061 711 2127 quam
739 2038 879 2105 maxime
901 2049 1074 2124 augentur.
1116 2039 1228 2125 itaque

180 2155 333 2221 omuibus
359 2156 458 2221 rebus
477 2155 644 2243 perpensis
666 2165 699 2221 et
720 2155 930 2222 consideratis
951 2154 1046 2223 facile
1066 2154 1228 2243 intellegis

180 2295 249 2338 non
271 2271 374 2338 solum
404 2271 586 2359 opinionem
614 2293 710 2359 quam
742 2271 839 2339 modo
868 2271 1010 2339 refutare
1038 2272 1228 2357 studuimus,

179 2391 238 2457 sed
254 2391 350 2456 etiam
364 2399 467 2456 totam
481 2389 567 2455 illam
584 2387 624 2454 de
640 2388 760 2456 Catulli
775 2411 859 2455 anno
875 2389 973 2456 natali
988 2389 1143 2457 decennio
1158 2411 1229 2479 pro·

178 2505 344 2574 mouendo
365 2507 568 2585 sententiam,
591 2507 683 2572 euius
707 2481 1006 2596 causem'primsm
1027 2516 1059 2573 et
1073 2530 1228 2573 summam

178 2623 245 2689 iam
275 2645 372 2712 supra
394 2625 440 2711 (p.
462 2623 518 2708 47)
548 2623 738 2708 euertimus,
770 2625 900 2690 omnino
928 2646 997 2690 esse
1024 2623 1228 2691 reiciendum.

178 2763 258 2807 nam
287 2739 564 2810 adulescentulum
591 2742 649 2808 uix
670 2741 826 2830 puberem
847 2764 911 2808 non
935 2741 1010 2807 dum
1030 2741 1229 2808 nicenarium

179 2857 324 2924 earmina
350 2857 406 2925 illa
437 2859 479 2925 ad
510 2859 663 2926 Lesbiam
691 2860 828 2947 egregia
859 2858 1047 2947 scripsisse,
1081 2881 1166 2948 quae
1194 2867 1232 2925 ut

181 2997 315 3043 carmen
335 2997 391 3042 vur
413 2984 447 3042 et
468 2981 570 3042 Lixvr
593 2975 690 3042 animi
711 2974 812 3044 uirilis
833 2985 932 3043 testes
953 2985 1029 3043 sunt
1049 2975 1231 3064 locupletis·

181 3093 274 3173 simi,
308 3093 397 3159 nullo
425 3092 520 3160 modo
549 3092 637 3159 credi
664 3103 779 3183 potest.
825 3093 964 3181 denique
985 3093 1105 3160 Lesbia
1126 3101 1232 3159 aetate

182 3209 313 3277 Catullo
335 3209 503 3276 minimum
526 3209 748 3296 duodeuiginti
772 3211 864 3277 annis
885 3211 1092 3277 antecederet
1113 3231 1232 3298 conpu-

181 3327 306 3394 tatione
326 3325 527 3394 Laehmanni
544 3325 724 3416 adprobata
740 3353 747 3394 :
763 3350 827 3416 qua
842 3349 877 3394 re
895 3329 974 3412 sola,
996 3337 1033 3394 ut
1046 3327 1232 3414 Iungelaus-

182 3465 281 3511 mnus
294 3452 384 3510 reete
408 3443 587 3528 adnotsuit,
608 3443 691 3510 ratio
712 3443 767 3511 ilia
788 3444 865 3511 satis
887 3466 1047 3533 superque
1069 3443 1167 3512 dubia
1188 3443 1233 3510 fis

265 3559 338 3626 Iam
360 3569 397 3627 ut
418 3560 460 3627 ad
480 3562 680 3649 propositum
701 3569 920 3645 reuertamur,
952 3560 1119 3628 uideamus
1151 3585 1232 3650 quos

183 3699 314 3744 amores
345 3689 476 3765 praeter
503 3678 682 3767 prineipem
709 3679 855 3746 illumin
877 3679 959 3745 libro
982 3677 1101 3746 Catulli
1122 3678 1234 3767 depre-

180 3795 374 3864 hendamus.
416 3795 481 3861 hue
509 3797 653 3864 earmina
684 3797 726 3863 ad
756 3796 948 3885 Ipsithillam
979 3797 1021 3863 sd
1045 3794 1231 3863 Ametinum

181 3911 225 3979 ad
255 3911 442 3980 Aufilenam
474 3913 599 4002 puellas
627 3923 660 3981 et
686 3913 933 3981 adiuuantium
953 3934 1090 4003 puerum
1111 3912 1232 4000 scripta
