2970 4484
321 373 369 424 108
519 369 596 420 vnn
630 369 677 422 Du
695 366 852 421 canens
869 367 917 420 ΕΤ
934 367 1167 420 causamme

318 535 489 603 Mamurra
509 536 626 602 iniuste
638 535 834 623 locupletato
849 533 977 602 dixerat
997 535 1031 600 in
1052 533 1116 600 linc
1136 533 1240 600 rediit
1278 533 1367 600 initio
1452 577 1453 612 r

318 655 470 721 carminis
498 655 544 720 ait
575 675 686 720 omnes
715 653 860 719 homines
881 653 999 741 probos
1034 652 1165 718 diuitias
1192 651 1225 716 in
1260 651 1368 720 Gallia

317 782 352 838 ct
379 771 549 838 Britannia
575 781 685 860 partas
707 769 891 836 Mamurrae
919 769 1078 853 inuidere,
1107 780 1144 835 ut
1174 777 1252 857 pote
1287 791 1366 857 quas

318 889 415 956 istum
452 888 581 955 luxuria
614 889 728 954 insana
765 888 986 953 confecturum
1029 909 1099 952 esse
1147 908 1262 952 omnes
1299 909 1367 974 pro

321 1006 462 1074 uideant.
505 1005 622 1072 deinde
649 1005 690 1070 ad
711 1003 902 1093 Pompeium
931 1015 964 1070 et
988 1001 1162 1070 Gaesarem
1191 1026 1368 1070 conuersus

319 1126 499 1212 interrogat
545 1145 622 1188 num
669 1133 773 1190 totum
822 1122 933 1188 orbem
974 1133 1133 1188 terrarum
1174 1143 1217 1186 ne
1255 1122 1369 1188 ultima

319 1239 447 1330 quidem
480 1238 655 1306 occidentis
686 1238 790 1304 insula
821 1250 958 1328 excepta
989 1261 1027 1304 ca
1054 1239 1098 1304 de
1127 1259 1243 1305 caussa
1277 1237 1368 1306 bellis

319 1358 510 1424 nexauerint
537 1378 602 1443 quo
631 1355 829 1422 commodius
850 1356 1015 1422 Mamurra
1040 1356 1160 1424 habeat
1181 1355 1271 1446 qnod
1293 1355 1369 1423 dila-

319 1474 418 1564 pidet.
474 1472 662 1540 incredibile
700 1493 778 1539 uere
819 1497 890 1538 esse
928 1485 1085 1560 quantum
1120 1473 1174 1540 ille
1201 1475 1268 1539 iam
1296 1495 1369 1538 con·

319 1591 498 1679 sumpserit.
540 1600 614 1678 post
634 1611 703 1654 reru
723 1588 916 1656 familiarem
937 1589 1124 1679 dissipatam
1142 1611 1215 1657 eum
1229 1590 1368 1678 praedas

319 1709 486 1775 Ponticam
515 1719 549 1775 et
574 1710 732 1776 Hiberam
766 1708 1001 1795 consumpsisse
1027 1729 1035 1771 :
1063 1731 1149 1773 nunc
1177 1705 1310 1774 Galliae
1338 1715 1369 1772 ct

320 1825 506 1892 Britanniae
535 1824 714 1914 expilandis
744 1847 873 1912 operam
904 1825 990 1890 dare.
1035 1825 1098 1890 iam
1126 1846 1203 1889 ncro
1233 1824 1281 1889 ita
1310 1823 1368 1891 Oa-

319 1942 418 2009 tullus
449 1963 577 2008 carmen
611 1941 768 2008 conclusit
796 1951 832 2006 ut
861 1939 941 2006 duas
969 1963 1021 2006 res
1049 1963 1129 2030 quas
1157 1941 1192 2006 iu
1220 1941 1368 2009 uersibus

320 2057 435 2125 ceteris
466 2061 639 2147 praecipue
669 2071 702 2124 et
722 2059 875 2126 adcurate
907 2069 1095 2146 persecutus
1126 2068 1196 2125 orat
1217 2059 1367 2143 (alteram

320 2177 519 2242 Mamurram
547 2187 679 2264 propter
707 2175 894 2240 effusionem
916 2175 1136 2242 incredibilem
1157 2176 1275 2262 opibus
1297 2198 1368 2264 pos·

320 2291 460 2359 uidendis
481 2293 651 2380 indignum
673 2313 751 2376 esse,
773 2294 908 2358 alteram
929 2293 969 2358 de
990 2293 1045 2359 illo
1068 2293 1154 2358 omni
1169 2291 1265 2357 modo
1282 2293 1367 2358 locu·
1452 2275 1453 2280 ἵ

321 2410 475 2498 pletando
487 2409 675 2498 Pompeium
692 2408 907 2477 othesarcm
922 2409 1038 2476 iniuste
1053 2419 1086 2476 et
1100 2411 1238 2498 turpiter
1253 2413 1367 2496 agere)
1452 2465 1453 2486 ,

320 2527 353 2592 in
385 2526 532 2592 uersibus
564 2527 689 2592 duobus
721 2527 874 2592 extremis
902 2525 1028 2592 duabus
1059 2527 1368 2615 interrogationibus
1452 2531 1453 2584 i

321 2643 481 2710 iracundis
510 2641 760 2731 conprehendat.
808 2666 914 2732 neque
942 2643 1005 2709 hoo
1031 2643 1140 2732 inepte
1167 2644 1244 2710 fecit
1271 2655 1369 2733 poeta
1452 2687 1453 2690 =

322 2762 407 2851 quod
430 2761 563 2828 alteram
587 2760 881 2848 interrogationum
901 2762 1039 2845 illarum,
1062 2783 1144 2850 quae
1166 2784 1244 2849 prae
1267 2763 1369 2829 altera
1452 2815 1453 2828 ,

320 2879 353 2945 in
389 2879 495 2966 ipsum
525 2877 722 2943 Mamurram
757 2875 923 2963 dirigitur,
965 2879 1037 2943 loce
1075 2877 1215 2944 secundo
1251 2879 1367 2968 posuit,

320 2997 449 3084 quando
472 2995 600 3084 quidem
622 3003 726 3062 totum
742 3017 870 3061 carmen
888 2995 920 3062 in
935 2995 1131 3062 Mamurram
1147 2995 1256 3062 dedita
1270 3019 1368 3084 opera
1452 3057 1453 3062 ,

321 3113 469 3180 Catullus
491 3112 627 3200 scripsit,
650 3110 823 3178 Caesarem
846 3122 953 3178 autem
969 3121 1002 3178 et
1015 3110 1206 3200 Pompeium
1228 3115 1260 3178 in
1282 3123 1367 3180 trau-

321 3233 385 3296 situ
407 3241 531 3295 tantum
554 3229 672 3315 attigit.
716 3229 761 3295 ita
782 3229 873 3295 uides
895 3253 1024 3295 carmen
1047 3231 1181 3297 exordio
1204 3230 1366 3319 aptissimo

322 3347 369 3413 uti
384 3369 492 3435 neque
505 3359 595 3412 reete
608 3345 844 3412 Mommsenum
859 3368 973 3412 uersus
993 3347 1073 3413 dues
1094 3347 1131 3412 21
1158 3360 1190 3415 et
1210 3347 1253 3412 22
1274 3345 1368 3413 simul

322 3453 396 3532 cum
411 3464 535 3531 duobus
550 3463 758 3553 sequentibus
774 3473 847 3552 post
860 3485 990 3530 uersum
1006 3463 1164 3531 decimum
1184 3464 1365 3531 inseruisse.

322 3603 406 3671 quae
435 3583 519 3648 ratio
551 3592 682 3669 propter
714 3580 775 3646 tria
806 3594 996 3668 arguments
1023 3582 1103 3648 falsa
1131 3605 1201 3648 esse
1229 3583 1364 3649 uidetur.

321 3699 459 3789 primum
483 3700 568 3764 enim
590 3699 677 3765 nullo
706 3701 801 3765 modo
833 3699 972 3789 perspici
999 3709 1105 3787 potest
1131 3723 1188 3767 cur
1215 3722 1364 3767 uemuum

320 3818 434 3884 herum
463 3839 523 3902 par
549 3817 620 3882 loco
643 3816 746 3884 alieno
767 3841 787 3882 a
808 3817 913 3882 scriba
934 3815 1029 3904 positi
1049 3817 1114 3883 sint
1134 3840 1142 3882 :
1164 3839 1240 3884 nam
1260 3840 1365 3907 neque

321 3936 355 4000 in
386 3935 476 4002 initio
504 3954 611 4022 neque
637 3935 671 3999 in
698 3933 763 4000 fine
790 3955 942 4002 namnum
971 3933 1100 4000 illorum
1125 3935 1296 4023 quicquam
1318 3945 1365 4002 est
