2970 4484
296 307 345 358 908
496 305 571 358 vnn
605 307 652 358 DE
669 306 828 360 CAESARE
846 307 1140 362 transsaltuum

295 491 358 558 quo
386 471 481 538 modo
509 493 585 538 uero
614 472 656 539 da
681 474 777 541 rebus
798 474 979 562 praeteritis
1001 483 1033 540 et
1055 473 1209 540 oonfsetie
1230 473 1341 540 timori
1461 529 1462 578 3

294 587 428 676 potest?
470 611 534 676 qua
555 590 595 656 de
616 613 730 658 caussa
751 601 941 658 emanarunt
955 600 1115 681 quotquot
1133 614 1262 658 emman
1276 591 1339 656 hoe
1461 583 1462 664 ᾗ

294 715 369 794 post
388 707 526 774 reditum
540 707 724 776 Mamurrae
744 709 896 798 scriptum
918 731 989 776 esse
1010 718 1204 776 censuerunt
1224 733 1232 774 s
1254 707 1340 776 inter

290 803 374 912 vqnos
395 823 615 893 Mommsonus
637 847 767 915 quoqne
788 828 860 911 fuit,
886 826 941 916 qui
962 826 1087 912 (histor.
1103 827 1199 894 Rom.
1215 848 1245 891 ιιι
1259 825 1337 908 315)

292 937 491 1008 Mamurram
532 944 625 1009 breui
667 955 742 1010 ante
783 967 880 1032 quam
916 944 1063 1012 Catullus
1105 965 1234 1010 oarmen
1275 942 1338 1008 hoe

292 1060 421 1149 scripsit
448 1060 574 1128 aedium
603 1060 635 1125 in
664 1061 776 1130 Caelio
803 1073 913 1130 monte
945 1062 1196 1128 extruendarum
1221 1082 1337 1126 eaussa

292 1177 430 1244 Romam
445 1180 573 1246 uenisse
588 1178 732 1245 coniecit.
748 1215 786 1228 -
802 1178 875 1245 huio
889 1179 1042 1267 temporis
1058 1176 1237 1244 definitioni
1255 1177 1335 1243 nihil

290 1317 398 1362 rerum
422 1318 506 1384 quae
527 1307 695 1383 praeterea
723 1295 785 1362 hoe
811 1296 845 1361 in
873 1297 1014 1363 oarmine
1040 1303 1336 1362 commemorantur

292 1411 409 1478 obstat.
452 1412 568 1478 etenim
583 1413 735 1500 praedam
749 1411 905 1480 Hiberam
919 1407 1025 1499 ‘quam
1047 1415 1108 1478 seit
1128 1412 1230 1478 amnis
1250 1411 1334 1477 anri·

290 1528 339 1593 fer
352 1522 475 1616 'Pagus‘
487 1529 550 1596 ism
566 1529 697 1596 Isaaeus
708 1528 853 1606 Vossius,
867 1529 918 1596 oui
936 1529 1126 1616 interpretes
1139 1529 1333 1596 recentiores

290 1645 451 1734 astipulati
479 1657 572 1730 sunt,
598 1645 776 1714 rectissime
803 1644 957 1713 iudicauit
982 1645 1156 1712 Caesarem
1183 1665 1332 1735 proprao

289 1773 392 1830 torem
412 1763 588 1852 Hispaniae
616 1788 636 1830 s
663 1763 770 1830 medio
800 1763 868 1828 lere
899 1786 984 1830 anno
1015 1763 1131 1842 693161
1161 1784 1263 1850 usque
1291 1762 1332 1829 ad

288 1881 429 1946 medium
457 1891 646 1970 sequentem
674 1883 707 1948 in
733 1881 843 1970 primis
866 1880 949 1948 bollo
971 1880 1158 1948 Lusitaniae
1177 1880 1239 1948 sibi
1260 1903 1331 1948 aon·

288 1998 463 2085 parauisse.
514 1996 551 2063 of.
585 1997 626 2063 de
657 1997 718 2064 hae
744 1997 865 2086 praeda
895 1999 982 2064 loeos
1014 2019 1095 2085 quos
1124 1998 1331 2064 Drumannus

288 2113 440 2181 historiae
467 2115 633 2182 Romanae
661 2139 692 2184 ιιι
722 2116 791 2182 188.
821 2117 881 2182 189
909 2115 1081 2205 congessit.
1124 2113 1214 2184 ouius
1242 2139 1331 2204 prae-

288 2231 351 2300 dae
376 2233 505 2322 Tagum
532 2233 686 2318 fluuium,
720 2233 775 2323 qui
806 2256 865 2322 per
896 2233 1016 2302 medios
1048 2232 1220 2300 Lusitanos
1251 2233 1330 2316 fluit,

287 2351 369 2416 bene
398 2373 573 2417 memorem
601 2373 671 2418 esse
700 2349 847 2419 Catullus
876 2351 1039 2442 aptissime
1066 2353 1190 2418 finxit:
1218 2361 1330 2418 eontra

286 2488 383 2553 quam
405 2466 543 2535 absurde
564 2470 689 2536 loeutus
711 2480 812 2552 esset,
845 2467 873 2535 si
900 2479 957 2536 aut
977 2469 1096 2537 bellum
1118 2467 1330 2556 Hispanicum

285 2607 370 2652 anno
392 2585 509 2662 705149
537 2611 556 2654 s
579 2585 719 2654 Caesare
740 2611 814 2654 enm
835 2586 968 2674 Pompei
996 2586 1112 2674 legatis
1134 2587 1170 2652 L
1193 2585 1328 2652 Afranio

287 2710 320 2768 et
340 2701 386 2768 M.
408 2702 539 2770 Petreio
561 2714 698 2792 gestum,
720 2727 803 2793 quae
825 2703 991 2770 Parthenii
1012 2714 1045 2769 et
1065 2702 1185 2772 Mureti
1206 2713 1327 2770 senten-

286 2821 332 2884 tia
361 2829 428 2902 est,
459 2830 515 2886 ant
544 2822 665 2887 bellum
686 2822 902 2910 Hispanicum
930 2819 1018 2910 qnod
1046 2840 1130 2886 anno
1159 2819 1275 2898 709145
1295 2820 1329 2884 io

283 2934 420 3024 Pompei
441 2937 525 3004 filios
548 2940 625 3026 egit,
649 2961 731 3026 qnae
753 2937 911 3024 scaligeri
932 2937 1040 3027 opinio
1063 2947 1125 3014 est,
1147 2935 1327 3024 significare

285 3055 442 3121 uoluisset
464 3079 471 3120 :
494 3065 665 3145 utrumque
687 3057 772 3122 onim
793 3056 928 3138 bellum,
953 3077 1025 3120 eum
1047 3053 1125 3122 illud
1145 3053 1231 3142 apud
1251 3055 1327 3120 Iler

285 3171 359 3238 dam
381 3171 422 3239 sd
440 3171 586 3256 Sicorim,
609 3173 718 3263 quiin
740 3171 870 3240 Iberum
892 3171 1075 3254 effunditur,
1098 3172 1191 3239 sitam
1213 3180 1246 3250 et
1266 3173 1327 3238 hoo

284 3288 371 3377 apud
392 3288 567 3373 Mundam,
599 3311 683 3379 quae
704 3291 781 3356 urbs
803 3313 823 3355 a
844 3289 938 3356 Baeti
958 3289 1058 3355 fluvio
1078 3310 1144 3355 non
1165 3289 1211 3354 its
1230 3287 1326 3376 longe

284 3406 384 3490 afuit,
405 3407 635 3490 conficeretur,
656 3408 689 3473 in
712 3407 897 3496 regionibus
915 3429 936 3472 a
955 3405 1048 3494 Tago
1070 3406 1258 3493 longissime
1280 3428 1327 3472 re

282 3525 378 3589 motis
391 3535 518 3610 gastum
533 3536 590 3593 est.
634 3537 776 3593 osterum
795 3527 892 3592 etiam
907 3535 1089 3614 temporum
1104 3525 1185 3590 ratio
1198 3523 1325 3590 illorum

282 3641 447 3706 sententiis
458 3644 588 3709 omnino
600 3643 792 3731 refragatur.
821 3641 1325 3730 tantumdepraedsHispanioa.

282 3757 322 3824 tle
343 3758 478 3825 Pontioa
498 3761 619 3848 praeda
633 3762 710 3827 item
725 3761 834 3828 uariae
849 3762 1025 3827 sententias
1039 3760 1224 3848 propositae
1240 3771 1323 3826 sunt.

281 3895 420 3967 namque
442 3877 635 3945 Parthenius
655 3877 819 3945 Palladius
841 3878 987 3946 Muretus
1009 3877 1157 3966 Soaliger
1176 3877 1263 3945 illam
1285 3877 1325 3944 ds
