2950 4480
311 305 451 378 XXXII

312 515 365 582 bis
386 516 594 600 pauoissimis
615 516 737 594 uerbis,
760 537 899 600 quornm
922 517 958 582 in
981 515 1259 602 supplementum
1285 519 1348 586 ali·
1447 566 1449 614 p

314 637 465 719 quotiens
489 637 643 702 leotiones
666 637 826 702 librorum
842 636 1001 702 bonorum
1019 638 1162 721 singuiis
1178 639 1267 704 loois
1284 661 1349 704 nso

313 775 390 821 oum
411 756 445 820 D
468 775 527 820 noo
549 775 624 822 oum
647 755 676 820 L
699 757 977 821 consentientium
999 755 1187 840 adscripsit,
1216 759 1249 824 si
1277 779 1348 824 non

313 896 409 941 omne
421 895 548 953 uerum,
563 885 674 940 tamen
687 875 923 959 propemodum
936 897 1033 941 omne
1046 897 1161 941 narum
1174 879 1347 960 edixitfll.

416 993 491 1080 Ego
502 995 591 1060 ultra
605 993 881 1078 progrediendum
898 994 1076 1060 arbitratus
1091 998 1258 1062 uarietate
1276 999 1346 1062 lea·

313 1113 413 1180 tionis
426 1113 586 1180 librorum
595 1116 652 1196 qni
660 1121 839 1196 supersunt
849 1112 891 1180 ad
903 1115 1064 1199 originem
1075 1135 1169 1180 arram
1183 1127 1349 1182 renouata

312 1253 370 1319 par
399 1241 505 1297 totum
536 1232 660 1298 librum
689 1232 905 1298 oatnlliannm
938 1234 1095 1300 leotionas
1128 1233 1207 1299 libri
1242 1259 1345 1302 noro-

313 1351 426 1416 nousis
437 1349 661 1433 redintegrare
672 1359 808 1416 oonatus
819 1371 903 1417 sum.
926 1352 1011 1435 quod
1024 1371 1098 1416 oum
1113 1353 1343 1427 instituerem,

314 1489 367 1536 mo
393 1489 464 1533 rom
492 1469 805 1552 periculosissimam
829 1470 1021 1554 adgressum
1043 1493 1114 1536 osse
1137 1471 1220 1536 bene
1244 1474 1343 1538 soiui.

315 1607 432 1656 uerum
459 1590 548 1654 enim
577 1609 655 1654 nero
683 1588 761 1655 lieet
789 1589 923 1655 diffieile
950 1593 995 1656 sit
1023 1589 1180 1656 leotionea
1213 1591 1343 1656 oodiois

317 1712 509 1778 ueronensis
529 1711 690 1794 genuinas
705 1711 859 1776 omnibus
874 1711 954 1776 loeis
970 1712 1121 1794 reperire,
1146 1711 1224 1776 iioet
1239 1733 1342 1795 saepo

314 1832 386 1915 ipse
418 1831 598 1896 errauerim
631 1830 665 1895 in
699 1830 875 1896 naronensi
910 1828 1190 1908 reoonoinnando‚
1227 1831 1341 1896 nihilo

315 1951 428 2016 minus
443 1949 499 2014 uia
513 1969 552 2014 ea
567 1969 633 2032 qua
646 1969 707 2033 ego
721 1970 802 2014 usus
816 1970 889 2014 suin
911 1949 941 2013 ei
963 1950 1019 2031 qui
1042 1949 1251 2014 Lachmanni
1274 1971 1333 2014 ue-

317 2068 418 2152 stigia
438 2077 781 2152 utpa1·estpramens
797 2067 968 2135 Catullum
984 2067 1221 2134 recensendum
1239 2069 1338 2134 hodie

316 2188 456 2271 susoipit
469 2187 615 2253 eundum
630 2207 703 2254 ossa
717 2186 799 2253 mihi
815 2187 946 2270 quidem
963 2197 1051 2252 oerto
1066 2190 1225 2271 persuasi.
1259 2189 1337 2254 nolo

319 2307 380 2372 boo
402 2306 472 2372 looo
487 2309 649 2372 rationem
664 2329 683 2372 a
697 2327 751 2370 me
766 2307 884 2372 initam
899 2308 1005 2372 fusius
1021 2307 1196 2391 explicare,
1211 2309 1336 2391 quippe

318 2447 410 2510 quae,
433 2427 493 2492 uni
508 2427 625 2509 oniquo
640 2426 759 2492 harum
775 2435 885 2492 rarum
907 2427 1012 2511 perito
1033 2427 1105 2492 sine
1128 2426 1230 2491 dnbio
1251 2429 1335 2492 satis

316 2546 501 2632 porspioua,
512 2547 540 2611 si
553 2565 619 2610 non
627 2544 769 2610 aditione
777 2547 849 2628 ipsa
857 2545 1113 2623 oommondatur‚
1127 2545 1339 2612 sommenda-
1451 2591 1452 2602 r

317 2665 406 2730 tione
427 2685 501 2730 mea
529 2663 663 2730 editioni
690 2665 877 2748 praeposita
898 2664 1038 2730 stabiliri
1061 2675 1209 2748 nequent
1234 2687 1338 2730 unum

317 2793 430 2848 tamen
457 2781 549 2848 addo.
592 2803 652 2866 per
678 2803 714 2848 se
739 2785 955 2849 manifestum
988 2795 1039 2850 est
1070 2784 1339 2868 probabilitatem

316 2902 495 2968 leotionnm
522 2900 642 2966 oodiois
671 2903 862 2968 ueronensis
890 2925 911 2968 a
937 2925 990 2968 me
1017 2904 1248 2968 restitutorum
1272 2924 1337 2968 non

316 3021 438 3105 ubique
471 3017 609 3087 eandem
642 3041 721 3087 osse.
770 3022 851 3088 loois
884 3021 1018 3105 quidem
1052 3021 1149 3106 longe
1182 3022 1338 3105 plurimis

316 3141 519 3208 oonfidentar
540 3141 592 3206 aio
612 3140 770 3208 leotiones
784 3148 915 3207 nostras
930 3141 1130 3207 oertissimas
1145 3161 1225 3218 esse,
1248 3139 1335 3205 band

317 3281 393 3330 raro
412 3268 524 3328 tamen
546 3281 602 3326 eas
624 3259 821 3326 dubitationi
843 3260 988 3344 graniori
1004 3261 1162 3326 lenioriua
1176 3260 1337 3325 obnoxias

254 3379 264 3407 ⁰
318 3401 390 3449 osse
412 3381 563 3448 lubenter
585 3379 745 3446 oonoado:
779 3379 951 3463 inprimis
973 3379 1121 3463 duplioes
1143 3378 1337 3445 libriuero·

319 3541 524 3556 w

317 3623 414 3677 nullum
430 3632 532 3691 praem
548 3621 571 3673 Ι)
589 3619 666 3672 antla
682 3626 773 3671 tortam
789 3621 915 3686 cognouit
931 3637 975 3673 aas
993 3619 1019 3672 in
1036 3619 1099 3672 ‘solo
1118 3617 1150 3670 D'
1168 3625 1214 3670 ant
1229 3618 1256 3671 iu
1274 3618 1338 3671 ‘solo

317 3707 348 3759 1:
365 3717 452 3759 extare
470 3708 590 3759 adnotare
608 3723 658 3757 non
674 3705 788 3773 neglexit
856 3706 891 3756 ot
909 3705 940 3758 os.
960 3705 992 3757 da
1010 3706 1058 3756 boo
1069 3722 1097 3756 re
1109 3704 1236 3756 abadon·
1248 3704 1337 3771 Hoysii

317 3809 424 3860 qnoque,
441 3791 484 3858 qui
502 3797 648 3857 apparatum
666 3791 827 3842 catullianum
843 3789 1065 3857 locupletissimum
1082 3787 1200 3856 possidat,
1218 3789 1337 3840 indioiurn

318 3873 533 3949 audiapatt
