2954 4492
405 373 430 426 V
463 375 513 426 DE
532 370 711 426 sucumve
730 371 889 425 cauum
1139 375 1172 424 ot

118 563 150 606 ιι
172 539 241 622 30).
284 561 363 606 nam
384 561 481 622 eum,
509 541 602 605 euius
623 532 732 604 ‘uitam
753 535 941 606 libidinibus
961 531 1174 626 inquinatam'

125 655 214 740 (val.
230 656 367 725 Maxim.
382 675 422 723 rur
443 658 466 720 2
486 655 505 720 7
528 655 664 737 Quintil.
687 680 694 720 ι
717 655 737 721 6
757 655 814 740 29)
836 654 952 722 Cicero
974 654 1007 720 in
1031 655 1178 722 oratione

123 794 223 862 qnam
244 795 303 862 pro
325 774 382 840 iilo
411 773 524 840 babuit
556 795 655 860 aegre
683 783 715 838 et
734 794 777 838 ne
798 795 896 859 segre
918 771 1051 860 quidem
1072 772 1178 838 celere

124 891 251 980 potuit,
284 889 374 956 cuius
404 885 466 956 ‘res
495 884 618 977 gestao'
643 889 676 956 h.
698 911 725 954 c.
754 900 865 977 stupra
893 900 929 964 ot
958 890 1115 956 adulteria
1143 890 1177 956 in

123 1007 302 1096 prouinciis
323 1006 572 1096 perforabantur
590 1005 647 1092 (of.
663 1005 732 1072 Oio.
751 1006 793 1071 ad
813 1007 889 1072 fam.
906 1029 925 1070 ιι
943 1006 983 1072 lb
1003 1007 1025 1073 5
1045 1028 1097 1070 vm
1116 1006 1135 1071 7
1156 1007 1178 1071 2

122 1121 307 1190 Drumanni
326 1123 394 1190 ΗΒ
417 1149 435 1188 ιι
456 1123 550 1208 422),
583 1123 639 1213 qui
668 1123 709 1191 ab
741 1121 850 1212 Appio
881 1121 1043 1206 Claudio,
1074 1125 1177 1191 fratre

121 1239 263 1309 Clodiae
282 1251 361 1308 netu
382 1242 526 1308 maximo
537 1289 547 1324 ‚
568 1262 653 1306 anuo
675 1241 793 1316 704150
814 1262 832 1304 e
851 1241 924 1325 lege
948 1238 1116 1307 Scantinia
1136 1241 1175 1308 de

119 1368 235 1446 stupro
267 1379 340 1424 cum
371 1359 521 1424 masculis
552 1366 722 1423 accusatus
753 1367 804 1422 est
835 1357 890 1443 (ef.
922 1353 1012 1423 Cael.
1042 1356 1084 1422 sd
1105 1356 1175 1424 Oic.

118 1472 195 1539 fam.
226 1495 280 1539 vor
308 1473 345 1538 12
366 1474 397 1539 3.
425 1475 466 1538 14
492 1474 548 1558 4),
583 1471 640 1538 uix
667 1473 857 1540 mirabimur
888 1473 915 1539 si
942 1475 982 1539 ad
1012 1474 1174 1540 Venerem

118 1613 225 1679 usque
243 1589 569 1658 monstruosissimam
585 1591 781 1678 processisse
797 1589 957 1656 eudimus.
980 1591 1021 1657 ad
1037 1590 1174 1657 eundem

118 1707 264 1790 Rufum,
286 1707 407 1774 utiam
429 1706 586 1790 diximus,
608 1729 683 1773 cum
704 1707 832 1774 Mureto
855 1716 888 1772 et
910 1705 1016 1774 Statio
1037 1710 1175 1774 referen-

118 1823 196 1890 dum
229 1822 377 1889 dudmus
409 1845 540 1890 carmen
572 1842 684 1890 varnr
716 1823 791 1889 Noli
816 1823 972 1890 admirari
998 1848 1091 1912 quare
1121 1827 1177 1891 rici

117 1941 242 2020 fecerim
272 1943 374 2024 oudo,
408 1961 474 2028 quo
505 1939 611 2006 Rufus
640 1940 731 2006 hirco
761 1941 912 2007 laborans
943 1942 1060 2008 acerbe
1094 1941 1174 2008 deri·

118 2057 226 2126 daur.
270 2056 407 2145 Vulpius
429 2057 513 2122 banc
534 2057 737 2142 sententiam,
760 2057 837 2147 quia
851 2057 898 2124 M.
913 2058 1042 2126 Cealius
1064 2059 1171 2126 Rufus

119 2175 217 2240 borno
238 2175 400 2240 formosus
420 2174 536 2256 fuerit,
558 2175 745 2263 inprobauit
766 2175 946 2263 Doeringio
968 2175 1171 2264 astipulante.

121 2291 209 2380 quod
237 2288 355 2356 iniuria
375 2291 462 2357 feeit
503 2313 578 2356 nem
607 2313 714 2357 noune
736 2291 864 2358 Caelius
885 2314 1081 2380 quamquam
1109 2293 1172 2359 for·

120 2407 322 2474 tuosissimus
354 2418 462 2474 temen
495 2407 731 2475 hircosissimus
753 2430 824 2475 esse
844 2409 982 2497 potuit?
1023 2409 1102 2498 quid
1123 2411 1171 2476 rei

119 2533 169 2590 est
199 2523 334 2590 emdcri
364 2533 397 2590 et
426 2525 614 2612 proceritati
645 2535 679 2591 et
709 2525 813 2591 urdtui
844 2527 1011 2612 oculisque
1041 2527 1170 2614 pulcris,

119 2642 237 2732 quibus
261 2639 408 2708 Caelium
437 2643 598 2730 insignem
625 2643 727 2710 fuisse
754 2641 869 2711 Cicero
899 2644 972 2732 (pro
995 2642 1106 2711 Caelio
1135 2645 1171 2710 lb

117 2759 174 2843 36)
196 2758 242 2824 ait
253 2806 264 2842 ,
294 2781 367 2825 cum
389 2760 513 2826 alarum
532 2758 653 2826 hirco?
694 2781 755 2826 nec
785 2761 820 2826 id
849 2759 1060 2848 premendum
1082 2762 1169 2848 quod

120 2873 269 2942 cenum
293 2873 371 2940 dicit
394 2885 527 2963 propter
553 2875 676 2942 hircum
702 2897 775 2943 oum
800 2874 911 2944 Caelio
934 2877 1055 2943 nullam
1079 2877 1169 2942 femi·

117 3013 194 3056 nem
226 2990 441 3057 concumbere
475 2991 579 3076 uelle,
622 3014 729 3078 neque
764 2992 894 3081 quando
925 2992 1056 3082 quidem
1089 2991 1170 3060 an-

117 3105 197 3174 lium
226 3129 299 3174 curn
331 3109 501 3196 permultis
533 3131 601 3174 rem
633 3109 787 3175 babuisse
818 3109 954 3193 scimus,
993 3108 1068 3175 ideo
1100 3133 1168 3176 sen·

117 3223 221 3292 tentia
247 3233 360 3290 nostra
386 3224 566 3290 recusanda
594 3236 652 3292 est.
697 3226 871 3291 tenendum
898 3225 982 3290 enim
1005 3223 1166 3292 Catullum

117 3341 150 3408 iu
172 3339 308 3406 mulis
321 3339 389 3406 suis
405 3339 584 3406 inridendis
602 3349 634 3408 et
648 3339 838 3408 cauillandis
857 3343 954 3408 animi
970 3342 1098 3408 feruore
1114 3342 1167 3408 illc

114 3457 197 3524 adeo
218 3455 325 3544 abripi
345 3455 561 3522 solitumesse
581 3465 619 3523 ut
632 3466 722 3524 trans
737 3457 817 3524 fines
840 3457 988 3524 ueritatis
1010 3461 1166 3548 etprobs-

116 3574 252 3642 bilitatio
265 3573 336 3640 fere
356 3593 484 3661 semper
500 3572 616 3638 mirum
638 3584 794 3661 quantum
818 3583 1022 3661 euagaretur.
1058 3577 1168 3662 itaque

115 3691 300 3760 bominibus
321 3689 397 3756 olim
419 3688 480 3757 sibi
506 3689 729 3772 amicissimis,
761 3689 788 3756 si
819 3701 932 3777 postea
959 3692 1019 3758 sibi
1049 3693 1167 3760 inimici

115 3809 190 3876 tacti
211 3819 303 3894 sunt,
331 3807 519 3896 turpissima
539 3828 699 3896 quosque,
721 3831 805 3896 quae
827 3831 899 3876 eum
921 3811 1041 3876 caussis
1065 3810 1167 3877 inimi·

116 3925 261 3996 citiarum
281 3924 419 3994 minime
439 3924 615 3992 cohaerent
626 3971 637 4007 ‚
665 3924 829 3996 obiectare
849 3949 914 3994 noo
937 3935 1068 3996 necetur
1089 3925 1167 3993 obli-
