2954 4492
282 335 332 385 134
567 329 591 380 V
625 331 672 382 ΒΕ
690 328 870 384 sucumve
887 329 1041 384 camur

278 519 404 565 amores
435 519 499 563 non
537 495 615 562 dum
654 495 801 562 turbatos
844 495 1037 584 ascripsisse
1089 506 1202 564 contra
1234 497 1327 565 annis

278 614 396 693 69blb9
423 624 456 681 et
482 613 598 692 696le
630 613 737 679 omnia
765 613 820 680 illa
845 614 989 680 carmina
1017 613 1224 682 attribuenda
1252 624 1328 680 sunt

278 731 448 819 inquibus
470 729 620 798 Catullus
640 740 696 796 aut
717 731 758 797 de
773 731 892 798 Lesbis
906 730 1031 818 perfida
1052 741 1109 797 aut
1129 731 1171 797 de
1193 731 1327 797 aemulis

279 847 395 914 amoris
416 848 465 913 sui
487 849 618 935 scripsit
641 873 649 915 z
675 870 740 937 qua
760 848 794 913 in
823 870 859 914 re
880 848 1035 937 explicari
1057 847 1170 936 nequit
1190 869 1256 937 quo
1278 870 1328 914 or-

280 966 354 1032 dine
375 963 523 1032 Oatullus
544 966 689 1031 aemulos
709 966 788 1032 istos
809 976 1000 1053 persecutus
1022 965 1080 1050 sit,
1109 965 1171 1030 hoc
1192 975 1241 1031 est
1262 987 1327 1052 quo

280 1080 376 1148 modo
399 1083 432 1147 in
453 1080 574 1148 Lesbia
596 1081 733 1148 amanda
753 1080 859 1150 clodii
875 1081 973 1150 Gellii
994 1080 1099 1149 Caelii
1119 1081 1253 1168 Egnatii
1274 1081 1328 1148 alii

281 1223 316 1265 se
345 1199 542 1286 exceperint.
590 1207 700 1266 tamen
728 1199 755 1265 si
782 1197 859 1286 quid
887 1199 1017 1264 ariolari
1042 1198 1139 1282 licet,
1168 1197 1328 1288 equidem3

280 1338 354 1381 cum
374 1337 459 1381 anno
480 1314 598 1392 694160
618 1315 682 1382 iam
713 1337 823 1381 rumor
854 1316 893 1382 de
926 1313 1033 1382 Clodii
1059 1314 1182 1382 incestu
1205 1315 1328 1382 sororio

282 1442 376 1514 esset,
399 1432 577 1498 censuerim
591 1453 721 1498 carmen
736 1451 868 1499 uxxvuu
883 1433 916 1498 in
932 1432 1030 1500 limen
1052 1432 1184 1499 alterius
1198 1432 1329 1518 generis

281 1549 460 1614 carminum
487 1547 529 1614 ad
559 1549 710 1615 Lesbiam
740 1551 958 1637 spectantium
985 1548 1219 1616 conlocandum
1249 1569 1328 1614 esse.

282 1665 399 1732 deiude
427 1666 496 1731 ueri
523 1665 718 1732 simillimum
747 1678 796 1733 est
828 1665 971 1732 carmina
1003 1667 1036 1732 iu
1063 1664 1210 1732 Caelium
1242 1687 1328 1732 anno

281 1781 399 1859 caeles
419 1783 539 1871 scripta
560 1803 639 1868 esse,
662 1791 730 1848 tum
752 1782 896 1849 carmina
916 1781 1066 1850 Galliena
1087 1783 1171 1848 inter
1194 1802 1330 1848 uxxvuu

282 1909 315 1966 et
330 1898 484 1966 Caeliana
504 1900 750 1983 conlocaueu'm,
772 1901 913 1989 denique
934 1900 1038 1990 quiin
1055 1899 1234 1988 Egnatium
1256 1921 1330 1965 con·

282 2016 358 2082 lecti
386 2026 460 2082 sunt
488 2039 600 2082 uersus
612 2065 620 2100 ,
652 2039 726 2083 cnm
754 2017 907 2086 Lesbiam
937 2016 1113 2084 maximum
1143 2017 1178 2084 in
1198 2016 1330 2083 modum

284 2132 477 2220 degenerem
498 2135 647 2222 prodant,
668 2133 776 2223 paullo
799 2144 875 2202 ante
896 2157 993 2224 quam
1014 2133 1179 2200 mulierem
1200 2132 1331 2199 foedam

283 2250 425 2318 deseruit
437 2250 583 2318 Catullus
596 2253 732 2340 scripsit
754 2253 836 2318 sicut
851 2250 997 2320 Catullus
1011 2273 1070 2340 per
1081 2251 1330 2339 quadriennium

284 2369 516 2436 cousuetudine
538 2369 675 2458 quadam
699 2392 770 2435 cum
785 2369 905 2435 Lesbia
925 2370 1115 2436 coniunctus
1137 2378 1195 2450 est,
1217 2368 1263 2434 ita
1277 2366 1330 2433 Ti-

283 2487 390 2552 bullus
413 2487 526 2553 Deliae
554 2508 664 2553 amore
685 2487 763 2552 item
783 2509 842 2574 per
864 2485 1109 2574 quadriennium
1130 2507 1207 2550 usus
1228 2495 1277 2550 est
1297 2493 1330 2550 et

284 2603 475 2691 Propertius
497 2603 538 2669 ad
561 2604 749 2692 Cynthium,
782 2625 866 2690 quae
896 2605 943 2685 ci,
979 2613 1016 2669 ut
1044 2602 1165 2669 Lesbia
1193 2601 1332 2684 Catullo,

284 2731 391 2788 aetate
417 2721 615 2808 praecessit,
647 2721 703 2807 (cf.
733 2719 942 2808 Hertnbergii
964 2729 1088 2808 quaest.
1109 2719 1207 2807 Prop.
1229 2741 1260 2806 p.
1283 2717 1331 2783 17.

283 2835 340 2924 38)
362 2837 477 2904 cecinit
811 2839 813 2844 ’

447 3017 581 3103 quinquae
602 3015 663 3080 sibe·
675 3019 760 3100 potui
780 3013 897 3079 seruare
912 3012 1046 3098 fideliter
1068 3035 1171 3077 onuoa

367 3200 436 3265 Iam
460 3198 567 3265 omnia
589 3199 810 3286 congessimus
832 3218 917 3284 quae
938 3195 979 3262 ad
1000 3193 1139 3262 Lesbiae
1160 3203 1193 3260 et
1214 3192 1334 3261 (latulli

285 3339 411 3382 amores
443 3314 632 3382 iudicandos
663 3314 816 3381 momenti
848 3313 982 3381 alicuius
1018 3323 1100 3380 sunt.
1154 3311 1204 3378 his
1236 3311 1334 3378 subti-

283 3433 358 3499 liter
401 3431 613 3500 consideratis
656 3432 712 3498 uix
755 3431 817 3498 erit
850 3431 907 3521 qui
948 3432 1113 3519 uituperet
1152 3429 1239 3520 quod
1274 3451 1334 3495 nos

285 3551 464 3616 sententiae
494 3553 557 3618 iem
588 3551 707 3618 dudum
736 3549 922 3639 propositae
958 3559 991 3614 et
1018 3547 1163 3636 plurimis
1190 3548 1334 3614 uirorum

287 3664 544 3733 doctissimorum
565 3667 765 3755 adprobatae
792 3667 993 3734 accessimus.
1035 3676 1144 3732 tamen
1178 3665 1334 3731 hocloco

286 3793 478 3872 argumenta
515 3785 631 3874 quibus
663 3785 736 3852 freti
775 3783 895 3852 Catulli
935 3782 1090 3849 Lesbiam
1126 3781 1261 3848 eandem
1290 3789 1335 3848 at-

293 3923 356 3990 que
396 3898 543 3968 Clodiam
579 3901 840 3990 quadrantariam
880 3901 981 3968 fuisse
1022 3899 1244 3969 contendimus
1278 3921 1337 3989 per
