2920 4492
440 65 464 158 l„
505 55 771 188 “wisi-³¹¹7
807 74 814 163 l

642 199 661 218 ἰ
792 173 809 228 Ι

723 272 742 286 .·
766 250 786 284 Ιν

549 285 600 340 cs·
735 283 739 294 ’

632 310 634 321 l

436 370 451 420 1
486 369 576 422 nnn
600 349 744 424 minsvs
761 369 914 426 consum
1168 371 1199 422 rc

151 535 212 602 ism
236 535 431 604 Theodorus
457 535 600 624 Heysios
624 537 672 624 (in
698 537 839 604 editione
869 558 927 602 sos
957 557 992 623 p.
1018 534 1110 619 296),
1145 533 1201 622 qui

150 653 290 720 codicem
313 651 568 718 Biccsrdisourn
591 653 662 740 ipse
683 653 857 720 contulisse
878 652 1014 732 uidetur,
1035 650 1199 738 dispexit:

150 791 253 858 neque
274 768 309 836 id
330 767 466 834 dubium
487 769 517 833 ei
539 789 610 834 esse
628 771 748 856 poterit
770 772 825 857 qui
847 768 901 835 uel
922 791 1024 856 psucs
1045 777 1201 855 excerpts

150 907 232 975 quoe
253 885 339 974 apud
361 885 605 952 Lscbmunnurn
627 889 831 973 reperiuntur
859 907 932 951 cum
959 907 1036 952 curs
1058 885 1200 951 conside-

150 1025 222 1070 rsre
240 1001 391 1070 noluerit.
434 1002 522 1092 quod
542 1026 583 1068 ne
604 1001 673 1068 sine
701 1004 901 1090 argumentis
928 1003 1049 1074 dixisse
1079 1003 1199 1087 uideor,

149 1143 212 1188 non
233 1120 328 1186 nullu
346 1118 497 1206 exemplo
516 1141 705 1185 enumerare
725 1120 825 1202 lubet,
847 1119 965 1208 quibus
980 1128 1012 1185 et
1027 1119 1199 1188 concordis

148 1259 230 1324 quoe
245 1235 462 1304 Ricccrdisno
476 1257 550 1304 cum
564 1235 694 1302 Dstsno
717 1246 766 1304 est
788 1247 820 1302 et
842 1236 1001 1304 discordia
1023 1259 1088 1326 quc
1108 1237 1193 1304 idem

147 1377 169 1418 s
188 1355 358 1420 codicibus
379 1353 452 1420 eliis
473 1353 569 1420 distet
588 1356 753 1441 probetur,
773 1353 1196 1442 ueluti12x122‘lprccodi-

147 1471 193 1537 cis
216 1472 245 1538 1,
266 1481 365 1537 mous
383 1473 451 1536 loss
469 1493 566 1558 penus
586 1469 620 1536 in
636 1471 667 1536 D
685 1481 719 1537 et
738 1469 771 1536 R
783 1471 903 1558 legitur
916 1472 1080 1538 mutabam
1091 1495 1197 1557 quous,

147 1589 226 1654 item
248 1607 343 1654 usin
364 1587 425 1652 227
446 1588 476 1655 L
498 1587 609 1654 dicet:
632 1589 663 1654 D
682 1589 772 1674 ducet
791 1587 823 1654 R
849 1587 940 1677 dipel,
961 1605 1034 1655 cvm
1061 1591 1075 1652 l
1098 1586 1127 1653 L
1144 1613 1198 1675 po-

146 1705 264 1792 pelori
286 1705 447 1772 ethelric:
474 1705 508 1770 D
534 1706 661 1772 artstro
681 1751 810 1771 .....
837 1705 869 1772 R
896 1705 1019 1771 orbdn‘c
1042 1707 1198 1792 pcpclmn',

149 1821 1231 1890 cxxxxvrroLtiedsnteleodentiskoths'edenm

147 1963 200 2022 os,
228 1951 264 2006 et
294 1941 327 2006 iu
348 1937 492 2006 eiusdem
520 1939 670 2006 carminis
698 1961 795 2005 uersu
816 1939 953 2027 septimo
976 1937 1003 2003 L
1025 1937 1198 2024 defessa:

147 2055 181 2120 D
202 2057 349 2122 memes
369 2055 402 2121 B
415 2057 559 2122 meantis.
592 2054 734 2143 deniquo
748 2055 931 2143 exemplum
953 2055 1049 2122 ualde
1070 2057 1197 2142 insigne

148 2191 240 2238 unio
262 2171 325 2238 308
346 2173 660 2240 commemorandum
682 2183 740 2252 est,
761 2174 816 2239 ubi
838 2195 896 2260 pro
911 2185 985 2254 tuos,
1007 2171 1094 2260 qood
1116 2172 1145 2237 L
1168 2183 1201 2238 et

148 2289 280 2356 codices
293 2289 438 2377 plerique
454 2313 564 2356 omnes
577 2291 746 2378 prsebent‚
757 2291 905 2358 Datenus
920 2300 953 2356 et
964 2290 1200 2356 Riecurdisnus

146 2407 231 2472 minc
253 2429 411 2474 consensu
438 2407 618 2474 metenda
646 2407 775 2474 babent.
817 2419 986 2495 praetereo
1007 2409 1040 2474 iu
1063 2417 1200 2495 utroque

147 2523 261 2590 codice
281 2521 443 2590 interdum
463 2545 576 2590 uersus
598 2523 702 2590 eidem
725 2523 833 2590 omissi
855 2533 940 2605 sunt,
966 2524 1066 2590 ueluti
1089 2545 1199 2590 uersus

149 2659 207 2707 uxr
232 2641 295 2707 145
313 2637 352 2705 Io
366 2641 491 2724 Hymen
505 2643 685 2727 Hymenaee
704 2641 738 2706 in
760 2617 898 2730 utroque
918 2643 1117 2729 interceptus
1140 2651 1199 2720 est,

147 2757 228 2824 item
242 2776 333 2822 uon
347 2757 410 2824 258
421 2780 502 2844 pers
516 2781 579 2824 sese
590 2759 679 2826 tortis
691 2761 882 2844 serpentsbus
896 2759 1110 2847 iucinpcboot:
1122 2756 1199 2846 quin

147 2893 280 2940 cumen
303 2873 664 2962 undeseptusgesimnm
682 2875 792 2942 decem
815 2897 965 2942 uersuum
988 2885 1090 2940 totum
1113 2883 1146 2940 et
1166 2875 1198 2940 in

147 2991 281 3058 Dstunc
303 2999 336 3056 et
356 2991 388 3056 in
410 2989 623 3058 Riccsrdisno
646 2993 798 3058 omissum
820 3001 878 3058 est.
929 2992 1041 3081 ithne
1063 2993 1199 3057 duorum

148 3105 281 3174 illorum
303 3108 450 3175 codicum
472 3108 690 3175 tesn'monium
710 3130 769 3196 pro
791 3131 856 3175 nno
873 3119 1000 3176 tuntum
1015 3108 1199 3176 babendum

147 3235 208 3293 cst.
252 3225 294 3292 ds
320 3224 442 3292 codicis
463 3235 571 3292 sutem
591 3225 713 3293 Dstsni
734 3228 925 3292 anctoritate
947 3243 1021 3290 cum
1042 3224 1104 3291 slio
1126 3226 1198 3291 loco

148 3343 324 3431 diligenter
345 3341 423 3408 milri
443 3342 669 3430 exponendum
691 3342 749 3426 sit,
778 3344 840 3409 boc
861 3343 933 3408 loco
954 3361 1054 3408 unum
1076 3353 1199 3407 tuntum

148 3459 310 3526 oduntem
330 3481 472 3546 possum
493 3481 544 3524 me
565 3457 597 3524 iu
617 3459 801 3524 uniuersum
813 3459 937 3546 Heysio
957 3457 1121 3541 sdsentiri,
1143 3459 1198 3545 qui

149 3577 185 3643 in
205 3577 350 3643 editione
370 3601 402 3664 p.
424 3575 485 3642 297
514 3577 576 3642 ‘uiri
598 3575 763 3643 cniusdam
791 3575 877 3643 docti
897 3571 1199 3665 interpolationibus

149 3695 318 3760 Dstsuum
338 3693 465 3781 ssepius
485 3703 673 3781 corruptum
694 3713 765 3760 esse
787 3693 979 3760 adfirmauit.
1021 3691 1199 3760 uerendum

149 3810 250 3896 igitur
281 3833 324 3878 ne
354 3808 555 3896 inscriptioni
590 3831 721 3898 quoque
756 3809 918 3876 subditicii
950 3811 1123 3898 quicquum
1158 3809 1198 3873 sb

149 3927 384 4016 interpolatore
413 3925 555 4012 quodum
585 3927 782 3993 inculcatum
814 3927 877 4004 sit,
909 3935 946 3991 ot
972 3935 1048 4013 pote
1076 3945 1200 4012 quses
