2970 4484
303 381 353 430 rut
600 375 639 426 XI
673 377 719 428 DE
738 377 770 428 G.
787 375 918 428 Homo
937 375 1055 429 CALVO

303 542 345 608 ad
376 543 536 610 Licinium
571 543 696 623 mittat,
727 541 783 608 sed
816 542 951 608 conlatis
983 541 1127 608 uersibus
1158 542 1352 609 duodecimo

227 756 231 763 Δ
303 665 426 746 cupiens
453 663 555 724 uidere
583 659 684 726 laeam
711 664 744 724 ut
769 672 861 724 terum
881 659 1016 746 loquerer
1037 661 1182 745 aarum
1201 671 1236 722 ut
1254 681 1353 724 oasam

303 785 335 841 et
356 777 493 863 septimo
516 776 639 842 decimo
661 775 733 851 loe,
756 776 906 860 meando,
934 776 986 842 tibi
999 797 1109 862 poema
1128 775 1198 862 seui
1224 799 1265 840 aa
1292 799 1352 863 qao

297 898 486 980 perspiceres
520 916 640 959 meum
674 893 862 975 dolorem,
898 892 959 958 hoe
994 901 1044 959 est
1075 892 1122 957 tui
1157 891 1352 958 desiderium

302 1011 476 1075 uehemens
509 1010 596 1098 quod
628 1010 769 1075 animum
797 1031 905 1075 meum
933 1010 1067 1098 pungit,
1097 1009 1138 1076 de
1170 1010 1352 1076 sententiae

302 1149 398 1212 quam
422 1125 561 1192 diximus
582 1127 721 1192 ueritate
743 1125 885 1193 dubitari
911 1126 1033 1213 nequit.
1076 1135 1218 1192 ueterum
1240 1125 1353 1193 Catul-

300 1240 350 1307 lns
372 1242 449 1328 quid
474 1238 611 1308 Caluum
634 1243 765 1328 rogarit¹
779 1243 890 1309 neseio
913 1265 955 1308 an
976 1263 1014 1308 ea
1035 1241 1076 1308 le
1098 1263 1213 1308 caussa
1233 1241 1267 1308 in
1287 1242 1353 1310 hoe

302 1359 442 1424 carmine
463 1358 633 1446 perspicue
653 1359 796 1426 indicare
817 1358 1034 1447 supersederit
1050 1357 1202 1446 quoniam
1221 1379 1355 1424 carmen

301 1475 377 1540 illud
399 1495 438 1540 eo
460 1485 586 1540 tantum
616 1475 748 1540 oonsilio
775 1474 903 1563 scripsit
930 1483 967 1541 ut
995 1475 1219 1557 uocationem,
1252 1498 1353 1564 quam

302 1611 414 1657 seruus
429 1591 544 1678 aliquis
558 1593 689 1678 insuper
702 1591 813 1657 horam
836 1602 868 1657 et
888 1591 953 1658 alia
972 1591 1129 1678 quaedam
1144 1593 1354 1660 nuntiaturus

303 1707 345 1773 ad
363 1707 501 1774 Caluum
523 1709 648 1775 deferre
667 1708 772 1774 iussus
793 1719 872 1790 erat,
893 1709 997 1774 amieo
1013 1729 1109 1796 quum
1125 1708 1264 1776 maxime
1278 1731 1354 1797 pos·

303 1834 353 1892 set
374 1825 623 1892 commendaret.

386 1941 525 2010 Carmen
548 1961 696 2008 nxxxxvr
721 1941 761 2008 si
778 1943 946 2030 quiequam
969 1943 1064 2008 mutia
1090 1953 1214 2027 oratum
1240 1964 1352 2028 ασαρ-

303 2072 402 2125 uomere
427 2062 574 2148 sepulcris
603 2060 826 2125 suauissimum
850 2057 996 2126 Catullus
1025 2059 1065 2126 ad
1087 2056 1225 2124 Caluum
1254 2058 1352 2136 misit,

304 2201 377 2244 oum
406 2177 434 2243 is
464 2177 563 2264 elegia
586 2175 770 2242 adfectuum
792 2177 1038 2242 tenerrimorum
1066 2174 1184 2264 plenia,
1214 2195 1354 2262 quorum

237 2325 241 2336 ⁸
305 2294 496 2382 Propertius
518 2315 647 2382 quoque
669 2292 713 2378 (ιιι
736 2291 778 2358 33
799 2291 854 2374 90)
875 2291 1070 2357 mentionem
1091 2291 1177 2370 feeit,

453 2415 530 2478 taos
553 2412 643 2476 otiam
665 2409 752 2476 dooti
770 2408 917 2495 confessa
938 2421 983 2474 aot
998 2410 1119 2496 paqim
1142 2408 1245 2487 0αήιί,

505 2551 575 2594 oum
597 2539 719 2593 ounerot
737 2527 872 2592 miaerue
890 2525 1007 2611 famem
1031 2525 1204 2609 Quintium,

305 2652 442 2710 mortem
465 2643 659 2724 Quintiliae,
688 2643 831 2709 mulieris
853 2666 873 2709 a
893 2664 929 2708 se
950 2651 1091 2726 amatae,
1115 2651 1351 2730 praematuram
1479 2679 1480 2716 ι

306 2771 439 2848 questus
460 2771 553 2826 esset.
598 2759 761 2828 Catullum
782 2761 929 2827 uersibus
953 2760 1077 2828 duobus
1097 2758 1250 2827 extremis

456 2890 535 2943 uerte
555 2901 616 2943 non
637 2890 718 2944 tanto
739 2902 819 2944 mora
839 2883 993 2944 inmatura
1014 2876 1142 2943 delort‘rt

507 2993 682 3078 Οιιὺιίὥὶιο,
704 3005 848 3080 quantum
866 2997 979 3081 qoudet
996 3004 1110 3060 umore
1123 3005 1182 3076 uuo,

305 3111 421 3198 quibus
456 3133 528 3176 eam
570 3109 612 3176 de
647 3121 752 3176 morte
787 3134 845 3179 aua
872 3112 1033 3177 inmatura
1070 3134 1108 3178 eo
1143 3131 1178 3175 se
1213 3109 1351 3199 quodam

305 3225 402 3292 modo
435 3227 593 3294 consolari
633 3226 722 3315 quod
753 3227 802 3292 sui
833 3228 1020 3294 memoriam
1053 3225 1193 3310 Caluus,
1229 3237 1352 3296 amator
1479 3205 1480 3276 l

306 3354 486 3432 superstes,
522 3343 664 3410 maxima
692 3343 812 3432 pietate
838 3354 1051 3432 prosequatur
1087 3343 1149 3428 ait,
1186 3345 1226 3411 ad
1255 3345 1353 3430 ipsius

307 3460 401 3530 Calui
430 3483 559 3528 uersum
589 3485 609 3527 a
638 3458 785 3529 Charisia
807 3462 824 3528 I
845 3485 877 3550 p.
899 3462 939 3528 78
961 3462 1000 3528 Ρ.
1022 3471 1187 3529 seruatum
1213 3461 1354 3546 for-otior
1479 3463 1480 3474 ’

306 3578 362 3644 loo
383 3579 473 3644 rtrum
491 3581 620 3664 quadrat
645 3581 722 3666 ipsa
742 3581 821 3645 oirro‘a
841 3579 1024 3668 respexisse
1045 3579 1272 3646 Lachmannus
1296 3577 1353 3663 (ad
1479 3593 1480 3640 ι

307 3693 511 3781 Propertium
539 3717 581 3782 ps
602 3697 697 3778 141),
733 3695 785 3762 oui
815 3695 1021 3762 Weiehartus
1056 3695 1128 3779 (rol.
1159 3705 1246 3782 poet.
1278 3695 1353 3762 Lat.

307 3833 340 3899 p.
364 3811 438 3896 143)
467 3821 500 3878 et
521 3811 686 3900 Hauptius
702 3814 778 3898 (aet.
801 3813 910 3878 societ.
932 3811 991 3878 litt.
1015 3811 1093 3880 Sax.
1115 3835 1123 3876 ι
1145 3813 1201 3898 53)
1222 3811 1354 3880 adsensi

307 3935 390 4010 aunt,
411 3937 501 3992 reete
515 3927 682 3994 intellexit
724 3925 883 4008 Quintilis
895 3927 950 3994 illa
965 3949 1049 4016 quae
1061 3929 1159 3996 fuerit
1173 3929 1354 4017 ignoratur.
