2954 4492
455 347 482 401 V
515 347 562 400 mu
580 345 758 402 nnoumvu
775 347 929 402 camut
1182 351 1216 404 98

169 514 308 581 carmina
338 516 374 582 in
405 513 516 585 libello
544 535 641 600 quam
668 514 735 580 iam
761 515 888 604 saepius
907 515 1001 582 attuli
1022 539 1054 606 p.
1077 518 1117 582 14
1138 517 1216 584 satio

168 630 249 696 mira
269 630 430 699 iudicanti
446 631 600 698 adsmmi
621 653 763 719 possum.
805 653 877 698 cun
893 631 1026 698 enimin
1041 630 1217 700 Guiaciano

168 747 277 814 codice
312 769 381 815 non
414 749 539 816 sincero
567 770 626 836 pro
666 747 794 814 hinne
830 762 876 816 eat
910 749 1019 835 palear
1048 747 1216 836 scaligero

168 874 299 932 auctore
323 864 451 932 Ocelim
472 877 518 930 ert
534 867 642 952 pulcer
662 874 809 950 extaret,
852 865 1127 952 Iungclausoouua
1156 865 1217 934 hac

167 979 307 1048 lectione
334 983 406 1048 sine
435 981 533 1049 dubio
564 981 761 1070 interpolata
774 983 807 1068 *)
841 982 990 1070 cupidius
1021 983 1156 1072 adrepto
1183 992 1217 1050 et

167 1096 298 1165 lectioni
321 1101 489 1188 uolgatae,
511 1120 608 1186 quam
625 1120 697 1164 cum
721 1121 897 1166 consensus
912 1099 1059 1166 codicum
1072 1109 1142 1166 tum
1156 1101 1217 1166 alc·

166 1215 277 1302 mila
291 1226 326 1282 at
340 1216 472 1304 argutia
491 1215 651 1305 quaedam
670 1215 867 1283 reconditior
882 1219 923 1283 ab
938 1217 1026 1282 omni
1041 1217 1217 1306 suspitione

164 1340 283 1415 metus,
307 1335 502 1422 anteposita,
518 1353 658 1416 carmen,
673 1333 723 1398 uti
738 1342 902 1400 antaeum
919 1333 1066 1422 silligius
1080 1333 1168 1414 iacit,
1181 1337 1215 1401 in

162 1445 314 1517 Caelium
330 1450 455 1518 Rufum
469 1451 623 1538 scriptum
639 1471 710 1516 ease
724 1451 875 1536 opinatus
890 1461 948 1518 est.
970 1473 1030 1518 nec
1045 1473 1160 1519 uereor
1173 1473 1215 1518 ue

164 1565 340 1656 quisquam
368 1565 539 1634 lectionem
560 1566 690 1633 monac
715 1576 849 1655 propter
868 1589 966 1634 unam
988 1567 1213 1657 nIungclauu-

164 1705 242 1750 seno
264 1683 409 1752 adlatam
425 1706 571 1750 caussam
586 1685 700 1750 reiciat
721 1709 729 1750 :
751 1685 798 1750 ait
813 1683 907 1766 anim,
929 1707 1002 1750 cum
1017 1685 1216 1774 epigramma

164 1823 228 1868 non
250 1801 332 1868 satis
362 1805 516 1870 acerbum
538 1799 598 1884 sit,
629 1799 766 1889 cogitari
787 1823 853 1868 uon
872 1821 968 1889 posse
988 1799 1152 1870 Catullum
1174 1825 1213 1870 eo

162 1915 324 2007 incastum
345 1940 366 1983 a
387 1916 503 1986 clodio
523 1917 646 1984 factum
666 1920 834 2006 exagitare
855 1917 1006 1986 uoluisse.

245 2035 367 2102 Restat
393 2043 431 2102 ut
456 2036 649 2102 sententiam
670 2044 812 2102 nostram
834 2035 875 2103 de
895 2036 1045 2102 carminis
1065 2036 1214 2104 acumine
1286 2097 1293 2105 .

164 2149 353 2219 dometius
386 2173 579 2218 enarremus.
631 2151 695 2218 iam
726 2152 873 2220 Muretus
903 2152 1147 2240 ambiguitatem
1178 2155 1213 2221 in

163 2267 324 2336 uocabulo
343 2269 449 2355 pehti
465 2267 666 2336 reconditam
685 2268 889 2357 adgnoscens
914 2270 955 2336 de
984 2271 1111 2337 ratione
1142 2272 1214 2360 ipsa

164 2406 229 2474 qna
250 2383 401 2453 Catullus
429 2386 675 2475 ambiguitatem
703 2407 861 2474 usurpare
889 2387 1010 2469 noluit,
1040 2386 1123 2453 bane
1151 2397 1213 2454 sta-

162 2502 265 2570 tuissa
296 2503 433 2569 uidetur.
474 2513 586 2570 censet
611 2502 696 2570 enim
718 2502 757 2570 P.
780 2503 928 2570 Gladium
950 2524 988 2570 ra
1017 2525 1098 2572 uera
1128 2503 1213 2571 facie

161 2629 304 2686 aeuum
325 2617 455 2708 quidem
476 2620 532 2686 aad
552 2628 662 2687 tamen
675 2630 809 2709 propter
829 2641 864 2686 oa
884 2620 1035 2708 inpurum
1050 2643 1071 2686 a
1084 2619 1212 2688 nemine

162 2737 283 2802 cacalis
314 2737 501 2825 inpartitum
532 2735 641 2804 fuisse.
686 2736 722 2803 P.
750 2745 858 2804 autam
888 2737 1036 2806 Clodium
1064 2739 1213 2826 pulcrum

161 2851 265 2919 luisse
274 2850 423 2920 Muretus
437 2852 483 2920 ait
496 2851 705 2920 Plutarchum
720 2853 841 2920 testari.
884 2875 949 2943 qua
970 2855 1003 2920 iu
1024 2875 1061 2920 rc
1075 2855 1212 2922 Paulum

163 3093 368 3107 ψ

230 3261 259 3331 *)
276 3263 369 3316 Lectio
387 3262 483 3317 Gallias
500 3271 536 3316 art
551 3263 648 3334 pulcer,
683 3278 762 3331 qaam
774 3280 791 3315 a
801 3279 856 3316 uon
874 3261 954 3315 nulia
969 3261 1087 3316 inlibris
1104 3263 1212 3330 quibus·

162 3355 222 3410 dam
241 3363 372 3426 repertam
389 3373 448 3411 ease
466 3357 566 3410 Statius
583 3359 620 3409 ait
637 3373 768 3425 quamque
785 3357 905 3426 Scaliger
923 3356 1053 3422 defendit,
1076 3359 1135 3426 ipsa
1148 3373 1213 3424 quo·

163 3463 213 3514 qua
237 3450 273 3503 ab
290 3451 478 3521 interpolatore
496 3451 619 3504 coniecta
636 3457 698 3505 estc
714 3452 768 3518 qui,
786 3451 814 3504 id
830 3451 902 3517 quod
919 3449 1096 3503 clarissimum
1112 3457 1161 3517 eat
1179 3451 1214 3504 acl

161 3543 289 3596 uminis
314 3559 467 3602 annum
484 3559 592 3599 uersum
608 3547 720 3614 primum
737 3545 833 3600 Gallias
848 3555 885 3600 art
902 3547 992 3598 mia
1019 3545 1081 3616 qaid
1096 3547 1148 3600 ni?
1170 3548 1214 3600 cai

161 3647 212 3690 tus
219 3639 288 3691 tona
298 3646 380 3690 mar
389 3637 533 3705 respiciens
543 3637 667 3690 carminis
679 3653 809 3696 nxxunrr
822 3653 929 3690 uenum
939 3639 1051 3706 primum
1060 3639 1099 3690 ita
1106 3637 1214 3690 refluxit

163 3730 261 3786 udum
291 3741 329 3784 cst
353 3729 452 3800 palear·
491 3732 553 3800 quiid
578 3731 629 3784 ni?
663 3749 736 3801 wem
762 3731 854 3784 Lesbia
881 3732 961 3784 molt.
1001 3731 1080 3785 leou'o
1110 3731 1213 3785 Caclius

161 3825 223 3879 uteo
239 3841 274 3878 ue
291 3837 327 3876 ex
343 3837 425 3876 uersu
443 3823 526 3892 primo
542 3839 623 3878 cam
643 3839 719 3882 tvm
739 3823 818 3891 Caeli.
837 3825 927 3878 tosta
943 3835 1039 3891 noum,
1057 3825 1149 3878 Laelia
1165 3825 1212 3876 illu

161 3920 245 3986 petita
262 3919 307 3973 ait.
