3002 4490
289 327 339 376 296
563 323 626 374 ΧΙΠ
662 323 709 374 ΒΕ
723 279 902 376 ΙΟΟΒΝΕῙᾸΟ
919 321 1059 374 NEPOTE

282 491 333 556 hie
362 491 510 556 uersibus
532 490 696 558 Catullum
721 488 859 576 Nepotis
884 487 985 554 libros
1010 498 1078 554 tres
1107 487 1330 555 chronieorum

283 607 480 693 significasse
510 605 606 673 hodie
636 606 721 672 inter
750 628 860 672 omnes
875 583 1016 672 ¹constet
1043 611 1087 684 (u.
1109 604 1253 672 Turnebi
1275 607 1330 672 ad-

282 746 400 791 uerser.
431 747 484 790 xur
516 725 556 790 14
585 723 731 810 Scaliger
752 722 793 788 ed
814 721 845 788 h.
865 721 909 808 l).
961 743 1041 811 quos
1069 720 1168 787 libros
1199 721 1329 809 quendo

282 841 392 929 Nepos
430 840 565 907 ediderit
603 842 761 906 incertum
800 850 858 906 est.
911 837 972 902 hoc
1011 847 1119 905 temen
1155 861 1254 904 uuum
1287 861 1329 906 ex

283 981 378 1024 uersu
408 957 519 1047 quinto
547 964 610 1024 iem
638 971 697 1023 erm
724 981 793 1022 enm
813 979 911 1022 caseo
933 979 966 1021 es
987 979 1064 1022 aeae
1086 957 1234 1022 Italorum
1254 979 1328 1023 con·

283 1075 382 1162 ligere
404 1096 574 1162 possumus
596 1073 760 1162 Nepotem
781 1073 945 1162 eliquanto
968 1083 1063 1138 antee
1080 1090 1177 1161 quem
1191 1074 1327 1160 primum

281 1191 360 1258 illud
395 1213 524 1258 cermen
560 1190 685 1278 scripsit
726 1189 876 1257 Catullus
910 1189 1061 1255 chronice
1096 1189 1253 1273 edidisse,
1294 1189 1328 1254 in

283 1308 417 1396 quibus,
452 1319 487 1376 ut
517 1331 558 1373 ex
589 1307 734 1373 uorsibus
765 1309 860 1372 tertio
893 1320 926 1373 et
961 1306 1084 1372 duobus
1118 1307 1328 1395 sequentibus

284 1425 475 1512 conligimue
487 1474 496 1506 ,
528 1435 642 1512 poetee
685 1424 849 1511 popularis
890 1425 938 1490 sui
971 1423 1166 1489 mentionem
1201 1423 1329 1490 honori·

283 1540 517 1606 licentissimem
547 1541 674 1629 publice
700 1542 832 1606 feceret.
888 1562 961 1605 cum
997 1550 1104 1606 eutem
1140 1539 1228 1607 credi
1261 1563 1327 1607 nou

285 1660 387 1746 possit
416 1657 579 1725 catullum
612 1658 653 1724 ed
688 1658 820 1724 modum
856 1657 1126 1724 adulescentulum
1160 1680 1222 1724 nce
1251 1656 1327 1723 dum

284 1798 386 1841 anuos
413 1776 528 1864 uiginti
561 1787 673 1842 natum
700 1799 719 1840 e
750 1775 878 1862 Nepote
908 1775 940 1840 in
974 1774 1131 1840 chronicis
1162 1774 1327 1841 laudatum

285 1915 371 1976 esse,
401 1915 459 1959 nos
487 1916 551 1959 non
581 1895 714 1960 maltum
743 1893 808 1960 felli
836 1915 928 1980 posse
950 1893 1159 1974 arbitramur,
1187 1893 1215 1959 si
1236 1893 1329 1981 (quie

285 2033 370 2076 anno
392 2010 531 2093 700l54,
563 2034 627 2098 quo
649 2011 796 2079 Catullus
825 2032 943 2075 annum
969 2008 1169 2097 trigesimum
1196 2009 1327 2075 tertium

284 2127 369 2213 egit,
403 2149 533 2192 carmen
567 2149 575 2191 ι
608 2128 759 2214 seriptum
791 2129 854 2210 eet)
893 2127 979 2193 intre
1009 2147 1110 2191 annos
1142 2125 1258 2203 687167
1296 2136 1330 2191 et

285 2243 401 2322 690l64
429 2243 590 2331 Nepotem
619 2242 770 2309 chronice
799 2242 938 2310 edidisse
966 2244 1143 2309 statuimus.
1187 2245 1239 2308 cui
1260 2265 1330 2309 sen·

284 2359 404 2427 tentiae
425 2371 513 2426 aetas
528 2359 670 2428 Oornelii
693 2360 838 2448 Nepotis,
862 2360 917 2449 qui
938 2360 979 2425 eb
1002 2381 1085 2424 enno
1106 2359 1173 2425 fere
1190 2359 1330 2436 650s104

286 2499 387 2565 usque
409 2478 450 2545 ed
472 2501 591 2544 annum
612 2477 729 2555 725129
751 2477 850 2562 uixit,
878 2477 1008 2544 minime
1030 2478 1144 2542 obstet.
1185 2485 1330 2542 ceterum

287 2595 398 2683 quenti
428 2595 538 2682 Nepos
567 2595 732 2663 Catullum
764 2595 877 2661 fecerit
907 2593 1001 2660 hodie
1030 2614 1159 2682 quoqne
1187 2615 1228 2660 ex
1254 2594 1328 2660 loco

288 2711 426 2799 quodam
456 2713 543 2776 uitee
572 2712 674 2777 Attici
705 2711 762 2796 (12
788 2713 823 2793 4)
853 2711 894 2776 ab
927 2709 982 2775 illo
1008 2711 1064 2776 diu
1092 2721 1165 2798 post
1193 2721 1329 2778 mortem

286 2827 404 2896 Oetrdli
426 2831 626 2916 conscriptae
655 2850 850 2915 cognoscere
878 2848 1056 2914 possumus.
1098 2829 1192 2910 idere,
1222 2829 1331 2917 inquit

286 2945 406 3033 Nepos,
430 2943 468 3011 L.
491 2944 606 3011 telem
628 2944 797 3022 Calidium,
819 2967 906 3031 quem
927 2957 996 3028 post
1016 2944 1155 3010 Lucretii
1174 2958 1201 3010 et
1223 2945 1337 3011 malli

286 3075 405 3128 mortem
419 3065 510 3128 multo
525 3064 782 3148 eloquentissimum
802 3075 919 3147 poetam
932 3075 1067 3128 nostram
1081 3063 1183 3128 tuliese
1201 3073 1331 3129 actuum

285 3203 358 3245 uere
378 3180 490 3246 uideor
510 3203 604 3266 poese
626 3183 810 3261 contendere,
831 3227 862 3245 ..
883 3179 1043 3266 expedierit
1079 3201 1121 3244 ex
1147 3178 1331 3246 discrimine

286 3298 401 3364 aetatis
423 3295 559 3384 Nepotis
585 3307 617 3362 et
640 3296 760 3364 Catulli
786 3296 853 3381 (ille
881 3297 967 3362 hunc
994 3296 1211 3384 septendecim
1239 3297 1332 3364 mini·

286 3436 373 3479 mum
396 3415 487 3478 eunie
501 3415 678 3501 superauit)
700 3413 918 3481 concludimus
933 3413 1095 3480 Catullum
1114 3436 1188 3479 eum
1203 3415 1332 3501 Nepote

287 3553 351 3596 non
373 3541 438 3597 tem
466 3531 624 3598 amicitiae
655 3530 819 3596 familiaris
841 3531 970 3596 uinculo
997 3532 1203 3597 coniunctum
1233 3531 1333 3598 fuisse

286 3670 382 3736 quem
404 3670 477 3713 eum
496 3651 654 3715 fautorem
674 3658 706 3713 et
722 3658 892 3736 petronam
909 3649 1054 3714 coluisse.
1099 3670 1268 3735 quaecum
1284 3649 1332 3716 ite

286 3767 365 3848 sint,
388 3765 545 3832 sententia
568 3788 677 3832 eorum
699 3767 754 3855 qui
777 3787 905 3832 carmen
927 3785 967 3832 cu
992 3763 1032 3831 Si
1049 3767 1213 3854 qrriepuem
1236 3769 1331 3835 tuee'to

287 3887 478 3950 commissam
505 3896 546 3949 est
573 3883 636 3966 fido
664 3883 703 3949 ab
723 3889 831 3965 amieo,
854 3883 941 3970 qaod
963 3884 1002 3950 ed
1025 3881 1210 3950 Cornelium
1233 3906 1330 3973 quen·
