3002 4490
302 333 352 385 276
502 331 553 384 ΧΠ
587 329 635 382 Dli
653 327 760 384 omna
777 329 980 384 nonnemo
999 327 1153 384 unvero

301 499 374 586 gius
405 496 448 563 ad
481 496 580 564 Girim
608 520 640 586 p.
666 497 725 563 155
752 508 784 564 et
812 496 856 562 M.
887 495 1049 582 Hauptius
1082 497 1114 561 in
1147 497 1227 564 aetia
1260 498 1353 564 acad.

302 615 411 680 Borol.
433 613 605 682 menstruis
631 616 706 680 anni
738 613 817 680 1858
838 636 870 699 p.
891 613 968 694 659)
997 622 1066 678 tum
1095 615 1135 680 ad
1163 616 1350 702 exemplum

302 751 452 798 uersuum
474 733 556 796 t-9
577 731 727 796 carminis
749 748 779 795 or
803 727 975 796 Catulliani
992 729 1050 794 hos
1064 751 1177 796 uersus
1192 731 1350 817 (43-45)

300 851 453 916 &curate
476 848 690 914 conformauit
712 871 719 910 ε

382 1027 457 1092 liaeo
478 1039 578 1091 tames
599 1030 713 1088 000000
734 1047 810 1110 qnae
829 1046 1005 1108 possumus,
1027 1026 1060 1088 in
1081 1023 1190 1110 quobus
1211 1030 1284 1090 aeui

382 1143 487 1227 prima
507 1141 679 1205 nodimentu
700 1151 727 1204 et
743 1143 861 1224 primos
882 1141 1045 1228 occepimus
1066 1163 1171 1216 00000,

305 1297 316 1308 -·
383 1259 492 1344 0000ρο
513 1255 595 1321 dona
615 1279 681 1321 meo
702 1257 824 1320 mamm
845 1255 976 1344 uipilutn
997 1255 1108 1320 labora

302 1433 363 1497 500
384 1429 640 1496 manifestissima
668 1429 844 1496 imitatione
872 1429 966 1496 leotio
988 1433 1108 1496 intereo
1127 1441 1191 1496 tam
1214 1433 1353 1519 egregie

303 1547 488 1614 defenditur
509 1558 545 1613 ut
565 1568 660 1612 nemo
675 1545 869 1612 Rossbachii
888 1547 1105 1613 coniecturam
1127 1549 1354 1614 commendare

303 1663 463 1752 suscipiat
507 1662 564 1730 sed
580 1665 691 1730 eadem
705 1664 785 1729 haee
807 1663 943 1730 imitatio
965 1662 1221 1730 emandationem
1243 1664 1353 1730 leotio-

301 1783 351 1848 nis
377 1781 462 1848 illius
489 1805 572 1847 00000
592 1794 697 1846 tamea
716 1786 829 1847 0000000
850 1785 905 1846 too
927 1805 946 1846 0
967 1780 1104 1847 testibus
1126 1779 1256 1868 optimis
1277 1803 1352 1848 000·

302 1897 449 1965 firmatae
470 1899 563 1964 nobis
578 1907 743 1980 monstrat,
767 1919 865 1986 quam
879 1895 1106 1963 Lachmannus
1122 1897 1204 1963 libro
1219 1897 1350 1964 Datano

301 2014 434 2080 nimium
453 2013 592 2079 0005000
606 2014 755 2080 inmerito
771 2013 964 2102 repudiauit.
1001 2013 1120 2080 etenim
1141 2037 1183 2080 ex
1204 2015 1261 2080 illa
1282 2036 1350 2079 eor·

300 2132 437 2219 ruptulo,
459 2131 492 2196 id
514 2131 601 2219 quod
623 2141 696 2218 post
719 2131 966 2218 interpolatores
987 2131 1088 2197 Italos
1109 2141 1142 2196 et
1165 2131 1350 2218 grammati·

302 2271 356 2314 eos
379 2249 534 2336 quosdam
556 2247 698 2334 Hapsius
720 2257 806 2313 reote
827 2247 924 2331 uidit,
953 2249 1032 2313 5000
1053 2247 1253 2314 restituenda
1274 2257 1351 2314 sunt

301 2388 383 2430 auno
404 2377 508 2430 tamea
527 2366 641 2430 0510000
662 2365 745 2429 tace.
790 2385 874 2452 quae
896 2363 941 2430 ita
963 2365 1026 2429 iam
1045 2376 1142 2451 poeta
1157 2363 1243 2430 Ciris
1257 2365 1349 2452 legit,

301 2481 356 2568 qui
378 2489 490 2568 postea
512 2502 607 2570 quam
634 2504 716 2547 none
737 2479 957 2547 Catullianum
987 2481 1020 2546 in
1048 2481 1174 2548 duobus
1201 2481 1350 2549 uorsibus

300 2597 457 2685 proximis
488 2597 596 2664 omnia
626 2598 791 2664 rhetorum
825 2621 915 2664 more
945 2597 1141 2686 amplificans
1162 2597 1211 2664 bis
1232 2601 1350 2686 posuit,

299 2715 400 2780 uerba
435 2713 560 2802 reliqua
590 2727 688 2780 tornea
722 2721 835 2780 intereo
865 2715 941 2780 5000
971 2713 1017 2780 ita
1046 2716 1245 2803 transposuit
1275 2721 1350 2782 5000

298 2843 400 2895 tamon
411 2831 534 2896 intorem
557 2831 667 2918 itaque
676 2833 792 2895 500000
804 2830 1008 2897 retinendum
1017 2842 1074 2898 est.
1091 2831 1226 2898 offensio
1240 2841 1349 2898 autem

300 2945 342 3012 de
364 2947 513 3012 carminis
535 2947 632 3014 totius
655 2957 811 3014 contextu
831 2948 874 3013 05
893 2947 1015 3015 Haaaio
1037 2950 1107 3014 iure
1127 2958 1241 3015 notata
1260 2949 1350 3016 nulla

299 3065 498 3152 promptiore
525 3064 686 3131 medicina
707 3085 804 3150 quam
826 3064 881 3130 illa
901 3065 944 3131 05
966 3065 1090 3130 Haasio
1115 3067 1184 3152 ipso
1207 3064 1350 3133 adhibita

299 3179 369 3246 tolli
397 3202 492 3268 posse
513 3181 652 3248 uidetur.
697 3202 780 3268 quae
806 3182 832 3245 si
856 3181 1020 3269 probatur,
1042 3191 1156 3269 poeta,
1178 3193 1215 3248 ut
1235 3183 1348 3250 Haasii

300 3297 409 3363 uerbis
430 3318 564 3384 pergem
574 3346 584 3380 ‚
612 3299 658 3362 as't
676 3299 815 3382 primum
835 3321 867 3362 00
889 3299 979 3386 &rapo
1000 3299 1111 3364 055000
1130 3299 1268 3385 confecto
1289 3301 1348 3366 ad-

299 3417 404 3480 uenire
432 3414 478 3480 ad
505 3414 620 3499 fratria
647 3415 807 3498 raserias,
847 3437 933 3502 qoem
968 3415 1033 3481 sibi
1052 3415 1190 3501 forman
1222 3417 1348 3504 5010900

299 3531 457 3597 abstulerat
475 3551 487 3589 ··
507 3525 574 3597 ‘non
603 3525 680 3595 iam’
707 3532 803 3617 inquit
836 3525 997 3618 ‘adloquor
1024 3544 1051 3596 to
1074 3556 1128 3597 000
1149 3543 1179 3598 ta
1200 3557 1260 3616 me,
1287 3558 1348 3600 non

299 3648 363 3710 iam
384 3659 412 3712 to
431 3650 597 3733 oaps'osiam,
618 3659 652 3712 et
671 3659 749 3713 ome
774 3669 895 3732 semper
909 3649 1017 3712 amabo
1031 3671 1201 3736 semperque
1214 3673 1347 3716 amoram

301 3764 433 3830 testabor
463 3767 588 3830 moestia
618 3767 829 3844 carminibus,
864 3767 968 3852 qaulsir
995 3779 1146 3851 perpetuo
1173 3767 1347 3834 Philomela

302 3879 532 3966 eonemit'fata
564 3879 637 3966 Ityli
663 3904 796 3969 pameas.
855 3885 972 3946 numen
992 3893 1111 3965 tamen,
1141 3883 1163 3950 i.
1190 3907 1214 3948 0.
1248 3883 1345 3950 010000
