2970 4484
290 319 341 371 206
490 317 568 370 vnn
601 318 649 370 Du
668 315 824 370 canem
841 317 888 369 ΕΤ
906 315 1137 370 CAESAREM

289 486 402 552 simam
418 505 482 550 uon
496 505 576 566 ease,
599 485 747 572 quonism
769 494 884 572 poetae
898 482 1097 572 potissimum
1112 480 1286 549 Caesarem
1301 491 1335 547 et

288 600 479 690 Pompeium
498 603 700 669 aduersarios
721 601 896 668 adfinitatis
915 601 1099 668 nominibus
1120 601 1161 667 de
1181 601 1334 688 tempori·
1453 633 1454 636 ¹

287 722 348 786 bus
364 721 480 808 quibus
496 720 564 786 iure
579 718 725 786 adhiberi
739 741 778 786 es
790 720 854 784 iam
868 717 1031 786 desierant
1047 718 1204 784 acuminis
1218 739 1334 784 caussa

288 838 415 925 saepius
437 836 691 924 adpellauernnt.
722 836 762 902 of.
784 835 922 922 Vergilii
943 835 1106 903 Aeneidos
1126 857 1156 900 vr
1179 834 1241 900 829

386 1015 444 1079 lea
462 1027 607 1102 paucum
627 1015 705 1079 inter
725 1038 756 1078 sc
778 1013 895 1094 bellum,
917 1018 944 1078 ri
963 1013 1081 1078 lemtim
1100 1013 1184 1076 uitae

386 1133 554 1222 adaperiat,
575 1144 708 1219 quantae
729 1135 809 1196 acies
829 1145 1020 1218 acaqemque
1041 1131 1153 1194 ciebunt

387 1251 550 1337 achrc‘bus
571 1273 655 1314 socer
675 1249 799 1335 Alpino
820 1262 909 1335 utque
929 1272 1002 1312 arce
1023 1249 1165 1313 Monoeci

386 1365 572 1430 descendens
591 1387 687 1455 perer
707 1369 845 1430 aduersis
866 1365 1034 1430 instructas
1055 1363 1139 1429 Eois.

287 1539 344 1606 sed
364 1561 497 1626 prorsus
517 1540 595 1606 nihil
624 1551 675 1608 est
700 1565 834 1610 caussae
862 1564 920 1608 cur
940 1541 1103 1610 Catullum
1125 1562 1144 1605 a
1165 1538 1327 1604 communi

286 1667 318 1722 et
339 1656 494 1724 adcurate
523 1657 650 1724 dicendi
673 1681 732 1724 usu
754 1658 923 1726 recessisse
948 1667 1106 1746 putemus.
1142 1653 1327 1744 quidquod

285 1774 431 1842 Catullus
448 1797 522 1840 oum
536 1775 639 1842 Iuliae
660 1785 716 1842 aul
735 1797 800 1840 nou
821 1784 878 1842 aut
898 1774 1095 1861 aliquantulo
1110 1771 1264 1860 temporis
1278 1793 1329 1836 su·

283 1902 407 1980 perstas
421 1903 515 1976 esset,
530 1893 585 1958 uix
599 1891 662 1958 nisi
678 1892 1070 1980 sensupropriollaesaris
1082 1901 1114 1956 et
1125 1889 1259 1978 Pompei
1273 1889 1328 1954 ad-

283 2008 439 2076 finitatem
454 2031 706 2076 commemorare
720 2009 834 2098 potuit.
871 2010 899 2076 si
912 2009 957 2076 ita
978 2016 1104 2096 tempus
1123 2005 1327 2074 deliniuimus

283 2135 358 2212 post
389 2126 476 2214 quod
510 2125 656 2194 Catullus
688 2148 817 2194 carmen
844 2126 1131 2214 undetrigesimum
1162 2123 1328 2212 scripsisse

282 2263 347 2310 nou
376 2253 503 2331 potest,
534 2243 636 2310 multo
668 2242 792 2310 facilius
823 2253 951 2330 tempus
978 2253 1054 2308 ante
1083 2241 1169 2331 quod
1196 2263 1326 2308 carrnsu
1453 2281 1454 2288 κ

283 2359 483 2450 conpositum
511 2383 581 2427 esse
606 2361 720 2450 nequit
744 2358 879 2427 iudicari
900 2360 983 2426 licet
1027 2381 1165 2449 namque
1193 2381 1267 2425 cum
1291 2359 1325 2423 iu

282 2499 379 2544 uersu
402 2477 591 2545 duodecimo
614 2488 649 2545 ut
667 2501 719 2546 res
739 2479 887 2546 confecto
908 2476 1149 2565 expeditionum
1166 2475 1325 2542 Britanni·

281 2616 390 2662 carum
406 2594 556 2662 Caesaris
574 2595 674 2661 altero
686 2605 761 2662 ntra
775 2603 1053 2678 commemoretur,
1073 2617 1169 2682 quam
1183 2594 1324 2680 priorem

280 2712 383 2778 fuisse
405 2733 442 2777 eo
464 2714 630 2800 probetur,
651 2712 739 2802 quod
755 2723 830 2802 post
843 2711 976 2778 alteram
991 2709 1227 2799 expeditionem
1244 2707 1324 2777 an-

280 2851 334 2896 sar
360 2849 425 2894 uon
455 2828 591 2916 amplius
613 2829 747 2918 Pompei
773 2851 863 2896 socer
890 2829 952 2894 fuit
974 2830 1031 2914 (ex
1053 2827 1224 2894 Britannia
1240 2827 1324 2894 enim

279 2945 313 3011 iu
334 2945 473 3014 Galliam
502 2946 617 3012 iterum
643 2947 786 3014 redituro
808 2946 960 3014 extremis
980 2945 1100 3014 mensis
1121 2943 1324 3033 Septembris
1453 3019 1454 3042 χ

279 3063 393 3130 diebus
414 3064 489 3130 anni
510 3063 626 3142 700154
647 3064 778 3130 nuntius
799 3064 910 3130 mortis
930 3063 1034 3132 Iulius
1053 3063 1182 3129 edlatus
1203 3075 1262 3148 est,
1284 3064 1323 3130 oi.

279 3181 365 3246 Plut.
395 3181 489 3250 ans.
517 3181 559 3248 23
586 3179 731 3248 Senecae
759 3181 987 3248 consolationis
1016 3181 1058 3246 ud
1079 3181 1236 3248 Marciam
1259 3184 1323 3268 14),

277 3321 342 3364 uon
364 3307 439 3365 ente
459 3307 647 3366 autumnum
670 3297 745 3366 anni
764 3299 882 3376 699155
900 3321 1028 3364 earmeu
1049 3319 1159 3366 xxvrru
1177 3297 1322 3366 Catullus

279 3416 445 3502 scripsisse
482 3425 594 3504 potest
647 3416 817 3503 nauigauit
847 3417 931 3484 enim
967 3417 1105 3504 primum
1136 3415 1260 3484 Caesar
1290 3417 1322 3480 iu

278 3531 479 3598 Britanniam
503 3528 634 3620 ‘exigua
661 3543 753 3622 parte
781 3535 912 3602 aestatis
939 3529 1090 3623 reliqus',
1122 3544 1158 3601 ut
1186 3534 1255 3621 ipse
1283 3534 1321 3598 de

278 3649 364 3716 bello
387 3648 514 3717 Gallico
540 3673 580 3714 un
605 3651 647 3716 20
675 3651 833 3735 narrauit,
863 3663 896 3718 et
915 3647 1107 3740 ‘propinqua
1134 3651 1187 3716 die
1214 3650 1320 3739 sequi-

278 3761 385 3832 uoctii’
406 3767 461 3849 (cf.
484 3767 710 3851 111136)illiue
739 3768 842 3836 rediit.
895 3791 1035 3835 murrum
1062 3768 1162 3856 igitur
1182 3770 1320 3856 spatium

278 3903 343 3971 quo
385 3905 513 3950 carmen
555 3906 666 3950 xxvnn
707 3886 862 3972 seriptum
903 3907 974 3952 esse
1013 3897 1120 3974 potest
1155 3911 1175 3954 s
1210 3907 1320 3954 meuse
