2954 4492
420 351 455 404 vl
490 351 537 404 DE
555 351 734 406 suumve
753 351 908 408 0thth
1138 358 1185 410 151

135 539 166 603 p.
178 517 223 582 48
239 516 407 603 adgnouit
430 516 488 582 seri
504 539 568 604 quo
583 519 654 584 iure
670 515 816 586 Catullus
830 517 936 586 Thalli
948 543 1067 587 nomeu
1081 522 1123 588 ad
1138 523 1189 589 Iu·

137 634 285 700 nentium
302 633 538 722 designandum
553 659 709 724 usurpare
723 635 861 724 potuit?
904 657 956 702 roe
977 639 1055 704 satia
1077 649 1191 725 aperte

136 764 199 818 est.
243 751 363 818 etenim
384 750 515 820 Graeco
538 752 645 818 Thalli
672 752 802 818 nomine
832 751 980 820 Catullus
1010 755 1107 820 uertit
1128 755 1189 821 La-

138 869 245 935 tinum
259 867 411 936 quentii.
444 869 623 954 quentius,
645 871 674 936 si
696 892 824 936 sensum
841 880 1035 957 spectamus,
1057 879 1106 937 est
1125 867 1188 938 ‘uir

137 985 266 1054 iuuenis
294 995 327 1053 et
352 996 460 1054 aetate
487 981 631 1068 florens'‚
661 986 796 1054 candem
823 988 888 1054 uim
909 975 1039 1063 Θάλλος
1059 1011 1187 1077 quoque

136 1102 259 1168 hehet:
275 1111 324 1168 cst
344 1102 429 1170 enim
451 1103 478 1168 is
498 1098 563 1191 ‘qui
584 1112 692 1170 aetate
714 1102 798 1169 uiret
820 1113 852 1169 et
873 1099 991 1186 florei,
1021 1115 1069 1172 est
1094 1106 1187 1194 quasi

133 1213 281 1302 ‘Florue'‚
303 1219 398 1286 sicuti
412 1221 533 1286 nomini
546 1209 683 1286 ‘Flam'
693 1219 856 1288 Graecum
869 1211 1043 1286 Θάλλουσα
1056 1244 1186 1311 respou-

135 1337 201 1403 rlet.
243 1337 355 1424 itaque
376 1357 493 1403 nomeu
515 1337 576 1403 hoc
591 1361 609 1402 e
623 1337 740 1404 Latino
758 1338 949 1405 hanelatum
963 1361 1037 1404 cum
1051 1339 1185 1428 Telephi

135 1453 169 1518 in
190 1452 321 1518 Horatii
343 1455 520 1519 carminum
543 1478 551 1518 ι
574 1454 614 1520 13
635 1477 665 1518 ιιι
691 1455 730 1520 19
751 1479 792 1520 ιιιι
816 1455 853 1518 11
876 1455 1022 1538 nomine,
1057 1457 1145 1543 quod
1168 1477 1185 1524 e

135 1570 255 1638 Latino
269 1559 438 1636 ‘Proculei’
457 1570 511 1655 (cf.
526 1569 656 1636 Horatii
673 1573 851 1638 carminum
868 1596 885 1637 ιι
900 1571 922 1638 2
935 1571 971 1659 5)
993 1595 1183 1640 conuersum

135 1685 454 1772 eascBambergerus
471 1687 504 1750 in
515 1685 752 1753 Schneidewini
769 1689 929 1776 philologi
942 1713 949 1754 ι
961 1689 1023 1754 316
1040 1689 1185 1756 demons-

135 1803 237 1868 trauit
248 1802 305 1886 (cf.
317 1805 413 1868 etiam
426 1801 698 1888 Iungelauseouua
710 1805 729 1870 l.
741 1828 767 1870 c.
780 1828 810 1893 p.
822 1805 889 1890 26),
897 1806 1066 1894 conparari
1077 1817 1185 1892 potest

135 1931 170 1987 et
189 1941 265 1985 cunr
285 1913 471 1986 ‘Ianthidos'
490 1919 638 2003 nomina·
651 1943 715 2010 quo
734 1921 891 1987 Martialis
913 1945 954 1987 vn
971 1925 1044 1989 145
1066 1947 1182 1990 nomeu

132 2031 370 2119 ‘Violentillae’‚
385 2037 497 2102 uxoris
506 2033 628 2102 Stellae
644 2048 769 2126 poetae,
782 2042 955 2106 conuertit:
966 2063 1049 2129 quae
1065 2040 1183 2106 femina

132 2181 153 2222 a
177 2153 283 2222 Statio
306 2155 460 2220 siluarum
482 2153 527 2217 12
549 2153 608 2218 197
630 2153 673 2218 ed
702 2177 818 2220 nomeu
847 2157 953 2222 mariti
975 2157 1183 2224 Violentillae

130 2271 328 2360 respiciente
346 2265 491 2337 ‘Asterie’
512 2269 695 2336 nominatur
716 2271 772 2356 (cl.
789 2272 949 2338 Hueehhii
965 2275 1182 2340 analectorum

132 2389 271 2454 litterar.
292 2409 323 2476 p.
344 2387 432 2472 303).
475 2397 509 2453 at
531 2387 616 2454 haud
645 2389 711 2455 scio
733 2411 775 2454 au
798 2388 947 2458 Catullus
969 2391 1033 2456 alia
1053 2391 1182 2478 insuper

131 2525 249 2572 musae
269 2514 376 2571 motus
396 2504 437 2571 sit
458 2513 495 2570 ut
508 2504 692 2572 quentium
706 2505 814 2572 Thalli
835 2506 965 2572 nominc
987 2507 1180 2594 designaret.

129 2623 219 2711 quod
241 2621 309 2688 ueri
332 2621 434 2689 simile
455 2621 531 2688 mihi
554 2643 623 2688 ease
636 2621 776 2705 uidetur,
799 2623 874 2688 dum
890 2625 997 2710 gentis
1011 2625 1180 2692 quentiae

129 2759 313 2826 cognomen
335 2732 478 2804 ‘Talnae’
507 2747 621 2826 reputo
649 2738 946 2827 frequentissimum
970 2741 1077 2808 fuisse.
1120 2743 1182 2807 for·

130 2867 217 2924 tasse
239 2854 440 2923 Catullianue
467 2877 598 2942 quoque
628 2854 799 2923 quentius
827 2857 881 2923 ille
910 2858 971 2924 hoc
999 2880 1180 2944 cognomen

128 2972 245 3043 habuit
263 2997 273 3039 :
293 2983 392 3060 atque
418 2980 515 3059 poeta
547 2993 589 3037 ex
618 2972 664 3038 eis
695 2973 878 3042 nominibus
904 2975 1041 3042 Graecis
1063 2977 1180 3064 quibus

130 3093 164 3156 iu
195 3089 338 3157 quentii
378 3088 508 3156 nomine
546 3089 765 3158 concertendo
806 3092 853 3156 uti
890 3091 980 3158 licuit
1014 3093 1046 3160 id
1078 3093 1180 3181 elegit

131 3208 220 3297 quod
241 3207 365 3276 Talnae
392 3207 574 3295 cognomini
605 3205 744 3274 quentii
775 3217 806 3274 et
836 3229 854 3272 e
882 3230 962 3274 sono
984 3209 1178 3276 simillimum

130 3336 164 3392 et
186 3347 204 3390 e
226 3325 422 3413 syllabarum
450 3345 602 3390 mensura
624 3347 683 3411 par
704 3334 780 3391 erat
824 3325 958 3414 quodsi
987 3348 1099 3393 uerum
1122 3339 1180 3412 eet,

129 3443 193 3510 hcc
221 3465 340 3508 nomeu
368 3441 479 3509 fictum
506 3463 585 3508 uero
614 3442 725 3510 eadem
753 3442 879 3508 ratione
905 3442 1098 3512 adsimilauit
1120 3444 1179 3514 Oa·

130 3560 227 3627 tullus
254 3569 354 3646 atque
381 3559 450 3646 ipae
480 3558 659 3627 Tanusium
683 3558 858 3626 Geminum
893 3561 1017 3628 Volusii
1049 3563 1179 3629 nomine

130 3676 305 3766 mpsllsm
332 3685 367 3742 et
392 3699 452 3764 pro
474 3675 648 3744 Formiano
670 3677 754 3743 saltu
775 3675 960 3744 Mamurrae
981 3673 1179 3746 ‘Firmanum

127 3795 296 3864 Mentulae
318 3787 445 3860 saltum’
459 3793 638 3860 nominauit
653 3815 659 3856 :
675 3793 848 3880 dequibus
870 3795 967 3862 rebus
988 3796 1072 3862 iulra
1086 3795 1179 3883 plura

127 3913 265 3982 dicenda
289 3921 395 3978 erunt
439 3909 580 4001 denique
594 3909 688 3976 simili
707 3909 841 3978 artificio
857 3911 1013 3979 Horatius
1029 3933 1104 3977 usus
1121 3924 1178 3993 eet,
