2920 4492
266 327 300 380 50
534 323 571 376 III
606 323 654 376 on
671 323 717 376 RE
734 323 918 376 FAMILIARI
936 323 1090 376 cervam

266 489 485 578 grauissimis,
508 489 626 578 quibus
648 489 712 556 iam
733 513 853 557 nouum
876 491 952 557 licet
972 491 1101 558 addere.
1145 515 1210 580 quo
1232 493 1318 560 enim

267 609 345 689 iuro,
368 609 395 673 ei
416 617 490 696 post
511 606 630 672 bellum
652 607 748 673 ciuiIe
769 617 865 694 poeta
886 609 964 674 satis
987 609 1078 692 fecit,
1101 606 1240 691 Caesar,
1262 609 1320 696 qui

267 725 470 792 Rubiconem
490 733 712 812 transgressus
733 724 846 790 urbem
869 724 989 792 Catulli
1010 726 1147 814 patriam
1172 727 1230 792 uix
1253 747 1320 791 um-

268 865 364 930 quam
384 842 509 924 reuisit,
531 841 595 908 dici
610 842 716 928 potuit
730 841 861 929 hospitii
875 841 961 908 illius
977 864 1068 908 usum
1085 842 1319 908 continuasse?

267 959 367 1025 nihilo
389 958 495 1024 minus
522 966 616 1046 pater
640 956 740 1022 filium
772 958 838 1024 uita
860 980 1030 1046 superasse
1050 957 1189 1025 uidetur.
1232 982 1320 1026 nam·

268 1097 331 1163 que
353 1097 394 1140 cx
421 1075 541 1142 caussis
570 1097 650 1163 quas
673 1074 705 1140 in
728 1074 834 1162 capite
855 1081 920 1142 mni
941 1075 1012 1142 loeo
1034 1075 1158 1163 aptiore
1178 1097 1319 1164 expono
1356 1139 1359 1145 .

268 1215 347 1274 mus,
369 1192 537 1281 probabile
560 1213 630 1258 esse
650 1192 798 1272 ducimus
822 1190 985 1259 Catullum
1008 1191 1156 1259 Caesaris
1177 1191 1321 1288 gratiam

268 1309 400 1375 ineunte
432 1331 516 1374 anno
540 1309 657 1386 700l54
678 1308 739 1376 sibi
760 1309 986 1376 reconciliasse
1005 1311 1118 1375 eodem
1141 1309 1193 1374 uel
1214 1330 1320 1396 paene

269 1425 380 1492 eodem
394 1447 457 1513 quo
468 1424 626 1513 posterius
642 1435 786 1492 mortuus
802 1435 860 1508 est,
889 1423 1061 1492 Caesarem
1076 1436 1184 1492 autem
1196 1425 1320 1492 Gallia·

268 1565 340 1608 rum
353 1544 579 1630 proconsulem
598 1565 656 1630 per
670 1541 791 1608 hiemes
810 1541 955 1629 singulas
967 1541 1108 1609 Galliam
1120 1540 1320 1630 Cisalpinam

269 1681 444 1747 peragrare
463 1660 602 1743 solitum,
629 1659 778 1746 quotiens
793 1659 879 1725 inter
892 1683 994 1726 annos
1009 1659 1126 1737 700154
1148 1669 1181 1726 et
1202 1659 1320 1736 705149

269 1777 435 1844 Veronam
455 1775 613 1858 uenisset,
647 1776 734 1865 apud
757 1774 875 1844 Catulli
897 1785 1023 1864 patrem
1045 1777 1217 1852 deuersum
1238 1799 1321 1845 esse.

269 1903 437 1980 praeterea
478 1893 519 1958 de
554 1902 646 1980 patre
681 1900 801 1980 poetae
836 1891 917 1960 nihil
951 1893 1078 1960 scimus
1131 1903 1245 1960 contra
1280 1895 1321 1962 de

269 2009 370 2074 fratre
387 2019 492 2074 morto
511 2019 639 2076 matura
663 2009 724 2078 sibi
745 2019 859 2097 erepto
881 2019 914 2078 ot
935 2009 967 2076 in
989 2010 1071 2078 Asia
1091 2031 1194 2099 prope
1213 2009 1321 2078 Rhoe-

268 2135 357 2192 teum
387 2125 647 2212 promunturium
676 2127 803 2214 sepulto
838 2124 986 2194 Catullus
1009 2127 1138 2216 saepius
1160 2127 1322 2214 querellas

269 2241 458 2310 tenerrimas
498 2241 653 2324 effimdit‚
696 2241 737 2308 cf.
772 2261 840 2308 nxv
874 2243 1002 2308 5-14
1036 2259 1151 2310 namn·
1176 2243 1322 2312 19-26

270 2365 384 2428 axumb
410 2359 571 2441 tls-100,
603 2357 770 2448 inprimis
792 2381 922 2426 carmen
941 2378 983 2426 or.
1025 2359 1108 2426 Rem
1129 2360 1321 2430 familiarem

269 2475 346 2544 satis
366 2479 489 2544 lautam
520 2475 667 2544 Catullus
695 2476 808 2542 babuit
836 2476 893 2560 (cf.
916 2476 1321 2546 unanimantem.

271 2593 409 2680 11178),
436 2615 543 2681 neque
575 2594 608 2658 in
628 2593 826 2660 contrarium
856 2592 931 2662 inde
951 2593 1095 2660 iudicare
1127 2594 1203 2662 licet
1233 2596 1324 2684 quod

270 2721 368 2800 poeta
389 2712 423 2778 ia
445 2711 587 2778 carmine
608 2731 660 2776 xm
691 2709 734 2775 de
761 2709 887 2776 sacculo
914 2731 972 2775 suo
1003 2731 1196 2778 aranearum
1222 2713 1321 2799 pleno

269 2831 395 2896 iocatur
421 2829 474 2894 uel
503 2825 594 2917 quod
625 2825 788 2894 neminem
816 2825 967 2895 babuisse
998 2847 1034 2894 se
1063 2829 1173 2896 scribit
1205 2829 1244 2914 (x
1263 2829 1322 2916 22)

469 3001 609 3088 fractum
631 3003 691 3090 qui
708 2959 819 3068 maru
839 3001 952 3088 pedem
972 3001 1104 3090 probati

470 3123 504 3187 s'a
525 3119 600 3186 eollo
621 3119 686 3186 ss'bs'
705 3121 854 3186 collocare
870 3133 984 3206 posset.

270 3319 377 3386 neque
398 3307 435 3364 ut
455 3297 489 3364 id
511 3297 669 3384 probetur
690 3296 731 3364 ad
754 3319 884 3362 carmen
905 3319 982 3362 xxvi
1005 3297 1174 3384 prouocati
1200 3307 1319 3385 potest,

271 3436 336 3501 qua
357 3415 398 3480 de
418 3437 454 3479 re
476 3414 587 3480 uideas
609 3436 695 3500 quae
715 3413 799 3480 infra
820 3414 852 3478 in
875 3411 979 3501 capite
999 3435 1031 3478 vr
1053 3415 1199 3502 exposui.
1241 3437 1320 3480 num

271 3531 357 3596 enim
379 3531 547 3618 probabile
569 3540 619 3596 cst
639 3529 741 3596 filiurn
770 3531 840 3596 eius
869 3530 959 3596 cuius
990 3531 1130 3618 hospitio
1151 3530 1195 3597 G.
1217 3530 1320 3598 Iulius

271 3645 392 3714 Caesar
409 3649 453 3714 uti
468 3648 646 3730 consueuit,
662 3649 864 3736 paupertatis
886 3670 1000 3714 caussa
1011 3647 1187 3718 liberaliter
1206 3650 1319 3716 uiuere

269 3787 334 3830 nou
361 3763 536 3851 potuisse?
579 3788 620 3830 an
649 3787 722 3832 eum
754 3765 883 3852 eguisse
913 3764 968 3848 qui
996 3765 1137 3848 Romae,
1174 3765 1206 3830 in
1236 3766 1319 3832 urbe

270 3881 429 3949 maximas
451 3882 602 3971 inpensas
624 3883 788 3970 exigente,
810 3903 876 3946 non
897 3892 964 3946 tam
979 3892 1117 3970 quaestu
1139 3881 1204 3948 ullo
1219 3904 1317 3971 quam
