2920 4492
641 1499 679 1583 V

213 1709 312 1776 Prius
343 1732 441 1798 quam
472 1709 602 1798 singula
629 1731 712 1796 quae
744 1709 786 1774 de
817 1729 926 1773 amore
955 1707 1093 1777 Lesbiae
1128 1707 1181 1775 ad·

128 1825 277 1891 notanda
317 1825 412 1894 nobis
449 1836 523 1892 sunt
564 1825 775 1912 configimus,
817 1847 920 1913 pauca
952 1825 1058 1892 dicere
1090 1828 1182 1894 lubet

131 1943 249 2030 quibus
289 1943 323 2008 in
366 1941 553 2008 uniuersum
590 1953 739 2009 naturam
775 1943 894 2009 amoris
937 1942 1021 2008 illius
1062 1953 1095 2010 et
1135 1945 1180 2010 in·

131 2059 239 2126 dolern
267 2059 432 2147 explicare
455 2060 647 2126 studeamus.
691 2083 756 2148 qua
784 2061 817 2125 in
846 2081 882 2124 re
909 2058 1069 2148 permulta
1096 2083 1180 2148 quae

130 2177 235 2242 conici
258 2177 366 2264 potius
388 2199 483 2264 quaro
505 2177 638 2265 probari
661 2186 814 2264 possunt,
847 2179 999 2265 quoniam
1022 2177 1180 2245 derebus

130 2313 212 2382 quas
233 2295 316 2360 scire
331 2291 462 2382 plurimi
483 2303 595 2360 nostra
613 2293 748 2360 interest
769 2315 865 2382 saepe
879 2293 994 2360 notitia
1015 2303 1071 2360 aut
1092 2296 1180 2360 nulla

129 2423 187 2478 aut
217 2433 314 2499 parca
345 2411 386 2477 ad
413 2431 472 2476 nos
501 2410 670 2498 peruenit,
704 2409 840 2476 arbitrio
873 2419 907 2476 et
936 2408 1054 2476 iudicio
1085 2409 1180 2476 unius

129 2531 287 2615 cuiusque
308 2527 520 2615 relinquenda
541 2549 612 2593 ease
634 2527 764 2592 minime
784 2547 882 2614 nego.
933 2537 966 2592 et
988 2547 1070 2614 quae
1092 2529 1179 2616 aqui·

129 2645 204 2712 dam
226 2643 287 2710 bac
303 2644 344 2710 de
365 2665 401 2710 rc
423 2642 530 2710 iudico
552 2644 631 2709 baec
647 2652 736 2709 sunt
779 2642 918 2709 arbitror
933 2641 1051 2709 Catulli
1070 2667 1180 2711 amore

129 2771 163 2828 et
191 2761 314 2850 pietate
340 2759 416 2828 inde
443 2760 485 2825 ab
513 2781 552 2826 eo
580 2771 726 2848 tempore
755 2781 820 2848 quo
847 2761 1050 2828 necessitudo
1084 2784 1179 2851 quae·

128 2877 205 2945 dam
227 2878 312 2944 inter
338 2877 452 2944 ambos
480 2877 680 2944 intercedere
710 2879 833 2965 coepit,
866 2875 1014 2944 Clodiam
1041 2881 1179 2967 turpiter

128 2995 265 3062 abusam
287 3017 367 3061 asse.
410 2993 544 3062 Olodlaa
575 2994 659 3060 enim
680 2993 821 3061 mulieris
843 2993 1031 3061 libidinosae
1061 2997 1176 3083 pulcri-

127 3109 242 3181 tudine
265 3111 385 3200 insigni
407 3111 590 3200 ceterisque
608 3111 774 3178 lenociniis
798 3110 917 3178 Catulli
939 3114 1080 3178 animum
1106 3114 1178 3178 eim·

127 3231 246 3320 plicam
268 3239 301 3296 et
321 3239 467 3318 apertum
490 3230 672 3318 artiumque
693 3229 947 3295 meretriciarum
970 3229 1117 3318 ignarum
1133 3231 1178 3298 in·

129 3346 316 3414 credibilem
332 3345 445 3412 ferein
461 3347 592 3412 modum
613 3355 742 3434 ceptum
766 3356 798 3412 et
818 3346 899 3412 adeo
921 3348 1086 3414 inretitum
1108 3371 1178 3416 esee

128 3473 165 3532 ut
180 3487 240 3554 per
261 3475 388 3552 tempus
404 3463 533 3551 aliquod
547 3473 645 3552 poeta
663 3487 705 3530 ne
721 3463 940 3552 suspicaretur
954 3465 1081 3553 quidem
1103 3489 1137 3532 se
1159 3490 1178 3532 a

129 3580 245 3650 Clodia
267 3581 335 3648 l'alll
357 3603 469 3669 posse,
491 3581 610 3648 nedum
632 3603 765 3647 reuera
787 3580 879 3648 falli:
902 3591 938 3647 ut
958 3592 1081 3670 postea,
1104 3607 1176 3650 cum

126 3700 262 3790 suspitio
299 3698 473 3764 iustissima
513 3709 584 3766 orta
613 3698 674 3764 sibi
704 3709 808 3783 esset,
849 3721 975 3787 semper
1005 3701 1043 3765 ad
1073 3701 1178 3787 ignos-

125 3818 263 3886 cendum
295 3837 477 3904 propensus
498 3826 531 3882 et
552 3815 689 3906 quoduis
717 3837 829 3882 recena
861 3816 1058 3904 periurium,
1092 3818 1178 3904 quod

123 3933 238 4006 Clodia
258 3931 553 4002 innumerabilibus
574 3931 734 4022 prioribus
757 3933 951 4018 addidisset,
977 3933 1178 4000 uerissimum
