2954 4492
564 339 585 386 V
619 339 668 390 DE
686 337 863 390 Auoemvs
879 336 1036 392 osmer

379 507 474 589 mule,
493 506 574 572 arbit
594 511 694 570 smus.
736 507 880 572 siuostn'
897 505 989 572 oblitu
1009 515 1130 589 taceret,

430 647 508 688 sarra
529 636 605 687 emet
625 647 635 685 .·
654 645 734 687 aune
755 625 834 708 qued
849 629 957 708 quand
976 637 1003 687 et
1022 624 1200 710 obloquitur,

380 764 438 806 uon
458 742 553 804 selum
574 744 712 820 meminit,
734 742 786 803 scd
805 763 885 824 quae
905 741 995 805 multo
1015 743 1119 804 uerrbr
1139 755 1184 804 cst
1203 765 1264 822 res,

430 858 513 920 irata
534 869 588 939 est,
610 859 665 922 ltoc
687 868 731 920 eet
750 862 849 920 atr-itur
870 869 897 920 et
917 857 1063 942 coquetur.

283 1035 424 1090 ceterum
447 1046 526 1088 caue
542 1044 583 1086 ne
600 1021 713 1088 credas
730 1021 879 1088 Lesbiam
901 1021 941 1102 Q.
957 1018 1089 1089 Metello
1106 1035 1275 1110 praesente
1293 1024 1325 1090 iu

283 1140 447 1207 Catullum
464 1141 611 1205 simulata
622 1143 742 1227 probra
755 1141 891 1205 iactasse
904 1164 945 1204 nc
959 1140 1091 1204 maritus
1105 1163 1239 1206 uxorem
1251 1164 1325 1205 cum

282 1269 379 1348 poeta
394 1281 460 1323 rem
475 1258 594 1322 babere
610 1258 835 1346 suspicaretur,
858 1258 909 1321 uel
931 1269 967 1320 ut
987 1257 1205 1346 suspitionem,
1227 1281 1325 1344 quam

283 1377 420 1442 sortasse
434 1375 497 1441 iarn
512 1375 661 1458 habebat,
687 1375 870 1462 deponeret
913 1386 1024 1438 contra
1045 1374 1253 1440 certissimum
1276 1385 1327 1440 est

283 1495 449 1576 Lesbiam,
484 1515 555 1557 cum
579 1491 725 1559 Catullus
748 1493 806 1557 hoc
834 1514 962 1557 carmen
984 1491 1153 1574 scriberet,
1185 1515 1225 1558 ex
1247 1515 1327 1558 uera

285 1607 379 1675 animi
418 1609 575 1675 sententie
605 1619 719 1698 poetae
751 1609 865 1674 iratam
898 1609 997 1673 fuisse
1028 1619 1061 1673 et
1081 1609 1163 1674 male
1196 1605 1326 1692 dixisse,

282 1728 350 1792 sinc
373 1727 470 1793 dubio
491 1739 625 1816 propter
651 1723 846 1792 inimicitiam
876 1725 1037 1812 quandam
1066 1727 1150 1790 inter
1181 1739 1326 1792 amantes

284 1857 385 1910 ortam
414 1867 519 1933 neque
541 1855 666 1926 tamen,
699 1855 734 1908 ut
762 1843 906 1924 uidetur,
938 1843 1130 1930 grauiorem.
1180 1843 1242 1908 hoc
1273 1843 1327 1908 uel

285 1985 325 2028 ex
355 1962 458 2026 ultimi
485 1985 599 2026 uersus
629 1961 737 2025 uerbis
769 1967 848 2024 irata
879 1974 919 2024 est
947 1957 1085 2025 dilucide
1116 1961 1325 2048 intellegitur.

284 2102 341 2143 cur
363 2079 446 2142 enim
467 2077 600 2160 Lesbia,
633 2079 660 2142 si
688 2077 886 2142 inimicitiam
906 2079 1052 2143 finxisset
1072 2089 1215 2160 tantum,
1243 2075 1327 2144 irata

283 2196 397 2262 esset?
439 2219 516 2262 num
538 2217 577 2259 ea
605 2193 645 2260 de
670 2218 784 2261 caussa
813 2194 889 2282 quia
920 2193 1040 2260 Catulli
1065 2217 1175 2260 amore
1194 2193 1328 2297 incensa

282 2313 474 2378 matrimonii
497 2311 624 2377 uinculo
654 2335 726 2376 cum
755 2309 886 2376 Metelle
908 2311 1079 2376 coniuncta
1099 2311 1214 2377 esset?
1257 2325 1325 2377 tum

282 2431 425 2520 prolecto
455 2429 569 2496 Clodia
595 2431 753 2496 rationem
781 2452 897 2495 nouam
926 2439 958 2493 et
986 2424 1159 2525 inauditam
1192 2428 1326 2512 iniisset,

283 2549 309 2614 si
338 2547 386 2613 ira
416 2548 448 2612 in
480 2549 630 2612 maritum
663 2546 808 2612 odiosum
845 2537 1040 2612 inflammata
1071 2569 1178 2613 coram
1210 2545 1326 2647 eodem

284 2666 394 2731 odioso
416 2665 532 2729 marito
557 2662 693 2747 Catulle,
714 2665 804 2728 cuius
828 2683 937 2728 amore
959 2661 1128 2749 deperiret,
1150 2663 1326 2730 conuitiata

282 2792 378 2849 esset.
426 2804 499 2846 cum
527 2779 668 2846 carmine
697 2800 821 2845 Lxxxru
852 2780 1025 2862 artissime,
1065 2789 1101 2844 ut
1136 2779 1233 2844 modo
1262 2781 1326 2846 iam

281 2899 479 2988 significaui,
502 2919 630 2963 carmen
652 2915 789 2962 Lxxxxn
813 2896 1074 2983 coniungendum
1095 2895 1162 2978 es't,
1193 2908 1229 2960 ut
1249 2909 1327 2984 pote

282 3016 369 3107 quod
391 3015 475 3081 idem
487 3036 592 3102 paene
607 3023 834 3100 argumentum
856 3011 973 3077 eisdem
988 3011 1056 3077 fere
1075 2993 1183 3079 uerbis
1197 3024 1325 3080 tractet.

281 3137 371 3200 cuius
393 3133 472 3198 baec
492 3139 568 3198 sunt
587 3129 699 3207 uerba,

381 3283 494 3348 Lesbia
515 3287 560 3348 mi
578 3281 652 3347 dicit
670 3304 791 3367 suuper
811 3281 890 3344 male
910 3304 967 3345 uec
987 3291 1066 3345 tacet
1084 3303 1228 3368 umquam

431 3401 467 3464 de
486 3423 536 3463 me
556 3423 567 3462 .·
588 3397 701 3462 Lesbia
721 3421 768 3462 me
788 3397 961 3481 dispeream
983 3398 1048 3461 uisi
1066 3411 1159 3461 amat.

381 3537 440 3601 que
462 3521 576 3600 οἰφιοθ
597 3515 674 3601 quia
695 3526 765 3578 sunt
785 3515 901 3576 totidem
922 3535 991 3577 mea
1011 3539 1023 3577 .·
1044 3512 1187 3599 deprecer
1207 3515 1298 3580 illam

430 3630 571 3712 adsidue,
593 3652 697 3694 uerum
718 3631 883 3714 dispeream
904 3629 974 3692 nabi
990 3651 1065 3694 amo.

281 3782 320 3848 ef.
336 3779 499 3866 Lessingii
515 3780 715 3867 epigramma
728 3780 796 3862 132,
815 3780 902 3868 quod
916 3776 1125 3867 ‘prooemium
1139 3783 1324 3848 reconcilia

281 3891 388 3966 tionis'
407 3897 602 3964 inscribitur.
