3002 4490
312 367 362 416 280
512 361 564 414 ΧΠ
598 361 645 416 DE
664 361 772 416 omns
790 361 992 417 nonnarum
1010 361 1163 416 usnvelo

309 531 435 596 mmalea
461 529 593 595 Tartarei
610 531 674 595 scir
694 553 786 616 qaam
803 530 971 616 ponderosi
987 531 1052 595 siat
1072 527 1193 617 etquid
1205 542 1362 594 nocerem.
1444 579 1451 586 .

309 649 365 713 ltoc
384 658 429 711 est
447 651 510 710 ssim
530 648 719 732 qaonmdcm
741 645 833 732 lareyo
853 646 934 734 quood
954 646 1086 711 Taaaaia‘
1104 647 1244 733 eeqas'tar
1262 669 1363 710 caan

309 765 363 828 les.
407 762 515 828 uerbis
543 765 605 828 ses's
633 764 710 850 qaid
737 775 879 828 aoceamr
899 763 939 828 ad
962 759 1081 830 Catulli
1104 764 1205 830 uerba
1225 762 1281 828 illa
1303 785 1360 828 ea·

311 889 383 944 coto
404 877 514 944 chorte
536 875 694 946 Senecam
716 879 898 966 respexisse
917 878 980 946 iarn
996 878 1142 945 Muretus
1163 877 1205 943 ad
1227 899 1361 945 carmen
1483 895 1488 906 ·

309 1016 410 1061 xxxvi
436 997 450 1059 l
476 995 643 1079 intellexit,
666 1017 731 1084 quc
750 995 891 1061 carmine
906 1005 1003 1084 poeta
1017 994 1214 1061 Veronensis
1230 993 1361 1062 Volusii

310 1109 443 1178 annales
466 1112 675 1180 uehementer
695 1112 799 1178 inrisit
822 1109 876 1196 (es.
898 1133 1012 1178 uersus
1036 1113 1050 1176 l
1075 1114 1216 1178 Arrolos
1237 1111 1360 1190 Volusi,

309 1241 415 1294 cacata
446 1228 554 1294 cloria
586 1229 607 1294 6
642 1229 822 1295 electissima
854 1229 993 1314 pessimi
1021 1214 1129 1314 poetae
1159 1229 1280 1313 scripto
1319 1228 1361 1293 19

309 1345 401 1432 pierii
417 1345 502 1410 rarsi
523 1358 549 1410 et
569 1345 773 1430 inficetiarum
793 1343 922 1410 canales
940 1345 1052 1427 Volusi,
1072 1355 1178 1410 casoto
1199 1347 1304 1410 allatio
1325 1355 1362 1410 et

310 1484 408 1550 supra
427 1484 456 1549 p.
480 1461 565 1544 122).
609 1459 747 1528 Senecae
770 1474 926 1548 peruersa
956 1461 1059 1549 inquit
1086 1459 1233 1527 Muretus
1261 1461 1361 1526 aerbo
1487 1547 1488 1552 ἵ

309 1573 336 1655 (¹
338 1577 411 1666 qtu'd
430 1565 581 1643 aoemtar'
580 1581 598 1663 )
614 1581 672 1644 lae
691 1577 876 1664 referebam,
897 1577 956 1644 att
976 1601 1027 1643 eos
1050 1576 1190 1643 Gemellae
1211 1573 1361 1642 ‘chartam

312 1686 459 1762 eacatom'
479 1708 582 1778 uocat,
604 1694 662 1760 aad
681 1707 781 1760 tamea
803 1693 859 1760 loe
880 1717 941 1760 nors
960 1695 1049 1760 ualde
1068 1697 1278 1760 ammaim
1299 1695 1360 1758 ad-

299 1813 514 1897 firmaaemin.
557 1817 659 1877 etnam
683 1811 774 1898 apud
795 1808 940 1876 Senecam
960 1805 1112 1877 ‘Teumesi'
1141 1835 1200 1876 aea
1219 1805 1364 1876 ‘Volusii‘
1486 1879 1488 1898 ‚

311 1929 433 2016 leqs‘tar.
476 1927 515 1993 cf.
548 1935 677 2016 praeter
707 1927 895 1993 Turnebum
924 1927 1051 1994 aduers.
1073 1949 1117 1992 xv
1143 1927 1186 1991 22
1213 1927 1360 2014 [lipsium

311 2042 353 2110 ad
375 2041 519 2110 Senecae
541 2043 647 2108 locum
662 2043 814 2109 Vossium
836 2043 875 2109 ad
901 2043 1063 2110 Catullum
1085 2044 1247 2111 obseruat.
1269 2067 1299 2132 p.
1317 2045 1359 2110 87

311 2159 556 2243 Turlanettum,
590 2158 645 2249 qui
677 2159 717 2225 ad
741 2157 915 2227 Foreellini
947 2160 1010 2227 lex.
1045 2183 1084 2226 ιιιι
1109 2161 1200 2227 481:
1226 2163 1361 2228 Volsrsam

1482 1904 1488 2212 ἰ

311 2275 417 2364 inquit
434 2288 525 2362 poeta
546 2279 668 2362 ineptum
682 2279 868 2354 Petarenos,
889 2279 948 2364 qui
964 2275 1099 2344 Enniam
1120 2290 1240 2344 recreare
1258 2301 1361 2344 raum
1481 2265 1487 2290 ⁴

308 2406 464 2480 eceteram
481 2396 587 2480 populi
599 2395 731 2480 Romam
749 2397 875 2460 aeneas
896 2399 1026 2460 carmine
1046 2396 1179 2480 rastas
1215 2407 1286 2460 aaut
1303 2398 1365 2482 qai

308 2522 419 2596 pateat
430 2513 556 2576 muslera
565 2509 669 2597 fne'ase
679 2533 716 2576 ue
731 2511 898 2576 Teresiam
909 2512 1082 2576 Geminam.
1105 2511 1161 2576 sed
1173 2510 1362 2578 adcuratius
1486 2501 1487 2506 ἵ

312 2635 343 2692 et
372 2627 518 2693 subtilius
547 2629 587 2694 de
614 2628 675 2692 hac
703 2649 740 2692 re
759 2627 923 2714 Hauptius
947 2628 1086 2715 (quaest.
1111 2623 1226 2694 catull
1248 2649 1280 2716 p.
1302 2629 1360 2712 98)

311 2743 498 2831 disputauit.
542 2767 613 2809 cum
636 2743 763 2811 Volusii
790 2753 823 2810 et
844 2742 978 2810 Tanusii
1009 2743 1140 2810 nomina
1167 2746 1202 2811 in
1228 2743 1360 2812 easdem

312 2869 433 2926 exeant
467 2860 591 2925 litteras
627 2881 732 2946 nsque
769 2859 809 2924 de
840 2859 1071 2946 aequabilitate
1102 2883 1271 2929 mensurae
1302 2862 1360 2928 du·

310 2977 414 3044 bitere
445 2975 562 3057 liceat,
603 2999 676 3042 eum
709 2987 742 3042 et
777 2977 909 3044 annales
943 2977 1069 3043 Volusii
1107 2977 1162 3060 (cf.
1191 3001 1294 3046 xxxvi
1322 2979 1359 3062 6)

312 3105 344 3160 et
364 3096 497 3160 annales
518 3093 653 3161 Tanusii
674 3093 722 3179 (id
752 3093 839 3182 quod
867 3117 908 3160 ex
930 3094 1142 3162 Metronactis
1175 3096 1360 3184 philosophi

309 3211 392 3278 libro
414 3233 589 3298 paucorum
611 3231 805 3277 uersuum
827 3235 848 3278 a
870 3209 995 3278 Seneca
1015 3235 1087 3278 cum
1104 3212 1239 3280 Tanusii
1260 3236 1359 3280 anna·

311 3327 396 3394 libus
417 3335 593 3416 conparato
614 3327 839 3414 conligendum
859 3328 922 3414 est)
942 3328 1089 3395 uersibus
1105 3329 1214 3418 scripti
1229 3330 1359 3414 tiranni,

311 3467 385 3510 cum
405 3443 568 3510 annalium
582 3443 833 3510 Volusianorum
852 3443 1029 3533 amplitudo
1051 3447 1222 3534 exiguitati
1247 3446 1359 3534 Zmyr·

209 3647 214 3656 ¹
310 3582 372 3625 nae
394 3557 521 3627 Cinnae
550 3572 748 3649 opponatur,
776 3583 850 3626 cum
872 3559 999 3630 Seneca
1021 3563 1062 3629 de
1083 3561 1217 3629 Tanusii
1238 3563 1358 3630 annali·

311 3677 371 3742 bus
400 3676 485 3742 idem
514 3679 600 3766 quod
631 3677 780 3745 Catullus
813 3677 854 3743 de
879 3679 1001 3745 Volusii
1030 3680 1199 3746 annalibus
1228 3679 1358 3758 iudicet,

312 3813 451 3884 cumque
463 3793 621 3862 Senecam
636 3796 677 3862 ad
698 3794 853 3862 iudicium
869 3795 909 3862 de
923 3797 1057 3862 Tanusii
1074 3796 1243 3864 annalibus
1257 3796 1359 3884 quod·

312 3910 384 3976 dam
401 3912 433 3976 in
448 3913 566 3999 uulgus
578 3922 691 3978 notum
706 3923 936 4001 prouocantem
956 3935 1059 4002 paene
1074 3923 1196 3980 eertum
1217 3913 1260 3981 sit
1280 3913 1360 3982 illue
