<?xml version="1.0" encoding="UTF-8"?>
<!DOCTYPE html PUBLIC "-//W3C//DTD XHTML 1.0 Transitional//EN"
    "http://www.w3.org/TR/xhtml1/DTD/xhtml1-transitional.dtd">
<html xmlns="http://www.w3.org/1999/xhtml" xml:lang="en" lang="en">
 <head>
  <title>
</title>
<meta http-equiv="Content-Type" content="text/html;charset=utf-8" />
  <meta name='ocr-system' content='tesseract 3.04.00' />
  <meta name='ocr-capabilities' content='ocr_page ocr_carea ocr_par ocr_line ocrx_word'/>
</head>
<body>
  <div class='ocr_page' id='page_1' title='image "./gvalericatvllil00schwgoog_0462.png"; bbox 0 0 2922 4478; ppageno 0'>
   <div class='ocr_carea' id='block_1_1' title="bbox 530 285 836 340">
    <p class='ocr_par' dir='ltr' id='par_1_1' title="bbox 530 285 836 340">
     <span class='ocr_line' id='line_1_1' title="bbox 530 285 836 340; baseline -0.003 -1"><span class='ocrx_word' id='word_1_1' title='bbox 530 285 617 340; x_wconf 85' lang='lat' dir='ltr'>XXXl</span> <span class='ocrx_word' id='word_1_2' title='bbox 635 287 802 339; x_wconf 82' lang='lat' dir='ltr'>4-XXXll</span> <span class='ocrx_word' id='word_1_3' title='bbox 820 287 836 339; x_wconf 79' lang='lat'>2</span> 
     </span>
    </p>
   </div>
   <div class='ocr_carea' id='block_1_2' title="bbox 177 471 1106 1731">
    <p class='ocr_par' dir='ltr' id='par_1_2' title="bbox 239 471 1014 554">
     <span class='ocr_line' id='line_1_2' title="bbox 239 471 1014 554; baseline 0.001 -17"><span class='ocrx_word' id='word_1_4' title='bbox 239 492 338 554; x_wconf 90' lang='lat' dir='ltr'>quam</span> <span class='ocrx_word' id='word_1_5' title='bbox 361 481 392 539; x_wconf 89' lang='lat' dir='ltr'>te</span> <span class='ocrx_word' id='word_1_6' title='bbox 414 471 559 538; x_wconf 74' lang='lat' dir='ltr'><strong>libenter</strong></span> <span class='ocrx_word' id='word_1_7' title='bbox 581 493 745 554; x_wconf 85' lang='lat' dir='ltr'>quamquo</span> <span class='ocrx_word' id='word_1_8' title='bbox 767 471 875 538; x_wconf 85' lang='lat' dir='ltr'>laetus</span> <span class='ocrx_word' id='word_1_9' title='bbox 897 474 1014 550; x_wconf 87' lang='lat' dir='ltr'>inuiso,</span> 
     </span>
    </p>

    <p class='ocr_par' dir='ltr' id='par_1_3' title="bbox 196 588 1106 1126">
     <span class='ocr_line' id='line_1_3' title="bbox 196 588 1106 674; baseline 0.002 -20"><span class='ocrx_word' id='word_1_10' title='bbox 196 590 217 654; x_wconf 86' lang='lat'><strong>5</strong></span> <span class='ocrx_word' id='word_1_11' title='bbox 239 591 298 656; x_wconf 78' lang='lat' dir='ltr'>uix</span> <span class='ocrx_word' id='word_1_12' title='bbox 319 592 367 654; x_wconf 82' lang='lat' dir='ltr'>mi</span> <span class='ocrx_word' id='word_1_13' title='bbox 387 591 459 674; x_wconf 88' lang='lat' dir='ltr'>ipso</span> <span class='ocrx_word' id='word_1_14' title='bbox 481 589 615 655; x_wconf 84' lang='lat' dir='ltr'>oredeos</span> <span class='ocrx_word' id='word_1_15' title='bbox 638 589 802 674; x_wconf 79' lang='lat' dir='ltr'>&#39;Pbyuiam</span> <span class='ocrx_word' id='word_1_16' title='bbox 825 598 922 672; x_wconf 87' lang='lat' dir='ltr'>atquo</span> <span class='ocrx_word' id='word_1_17' title='bbox 951 588 1106 674; x_wconf 80' lang='lat' dir='ltr'>bithynos</span> 
     </span>
     <span class='ocr_line' id='line_1_4' title="bbox 240 707 943 791; baseline -0.003 -19"><span class='ocrx_word' id='word_1_18' title='bbox 240 707 377 790; x_wconf 76' lang='lat' dir='ltr'>liquisse</span> <span class='ocrx_word' id='word_1_19' title='bbox 400 727 531 791; x_wconf 79' lang='lat' dir='ltr'>campos</span> <span class='ocrx_word' id='word_1_20' title='bbox 553 715 587 772; x_wconf 84' lang='lat' dir='ltr'>et</span> <span class='ocrx_word' id='word_1_21' title='bbox 608 707 722 772; x_wconf 86' lang='lat' dir='ltr'>uidere</span> <span class='ocrx_word' id='word_1_22' title='bbox 745 713 777 771; x_wconf 86' lang='lat' dir='ltr'>to</span> <span class='ocrx_word' id='word_1_23' title='bbox 798 707 833 770; x_wconf 90' lang='lat' dir='ltr'>in</span> <span class='ocrx_word' id='word_1_24' title='bbox 857 707 943 772; x_wconf 83' lang='lat' dir='ltr'>tuto!</span> 
     </span>
     <span class='ocr_line' id='line_1_5' title="bbox 240 823 842 906; baseline 0.002 -18"><span class='ocrx_word' id='word_1_25' title='bbox 240 846 260 889; x_wconf 96' lang='lat' dir='ltr'>o</span> <span class='ocrx_word' id='word_1_26' title='bbox 282 823 362 906; x_wconf 91' lang='lat' dir='ltr'>quid</span> <span class='ocrx_word' id='word_1_27' title='bbox 385 825 501 889; x_wconf 88' lang='lat' dir='ltr'>solutis</span> <span class='ocrx_word' id='word_1_28' title='bbox 522 831 573 889; x_wconf 87' lang='lat' dir='ltr'>est</span> <span class='ocrx_word' id='word_1_29' title='bbox 595 823 723 889; x_wconf 88' lang='lat' dir='ltr'>beatius</span> <span class='ocrx_word' id='word_1_30' title='bbox 746 825 842 902; x_wconf 85' lang='lat' dir='ltr'>auris,</span> 
     </span>
     <span class='ocr_line' id='line_1_6' title="bbox 239 944 950 1026; baseline 0.003 -20"><span class='ocrx_word' id='word_1_31' title='bbox 239 962 314 1006; x_wconf 88' lang='lat' dir='ltr'>oum</span> <span class='ocrx_word' id='word_1_32' title='bbox 337 963 430 1007; x_wconf 86' lang='lat' dir='ltr'>mens</span> <span class='ocrx_word' id='word_1_33' title='bbox 453 963 536 1007; x_wconf 90' lang='lat' dir='ltr'>onus</span> <span class='ocrx_word' id='word_1_34' title='bbox 558 944 694 1025; x_wconf 87' lang='lat' dir='ltr'>reponit,</span> <span class='ocrx_word' id='word_1_35' title='bbox 718 963 756 1008; x_wconf 84' lang='lat' dir='ltr'>aa</span> <span class='ocrx_word' id='word_1_36' title='bbox 778 944 950 1026; x_wconf 82' lang='lat' dir='ltr'>peregrino</span> 
     </span>
     <span class='ocr_line' id='line_1_7' title="bbox 240 1059 990 1126; baseline 0 -2"><span class='ocrx_word' id='word_1_37' title='bbox 240 1059 352 1124; x_wconf 87' lang='lat' dir='ltr'>labora</span> <span class='ocrx_word' id='word_1_38' title='bbox 373 1061 453 1125; x_wconf 84' lang='lat' dir='ltr'>fessi</span> <span class='ocrx_word' id='word_1_39' title='bbox 475 1061 626 1126; x_wconf 89' lang='lat' dir='ltr'>uenimus</span> <span class='ocrx_word' id='word_1_40' title='bbox 649 1061 754 1126; x_wconf 85' lang='lat' dir='ltr'>larem</span> <span class='ocrx_word' id='word_1_41' title='bbox 777 1060 817 1125; x_wconf 87' lang='lat' dir='ltr'>ad</span> <span class='ocrx_word' id='word_1_42' title='bbox 841 1069 990 1126; x_wconf 85' lang='lat' dir='ltr'>nostrum</span> 
     </span>
    </p>

    <p class='ocr_par' dir='ltr' id='par_1_4' title="bbox 177 1175 1079 1731">
     <span class='ocr_line' id='line_1_8' title="bbox 177 1175 866 1260; baseline 0 -18"><span class='ocrx_word' id='word_1_43' title='bbox 177 1175 217 1242; x_wconf 88' lang='lat'>10</span> <span class='ocrx_word' id='word_1_44' title='bbox 239 1175 486 1260; x_wconf 76' lang='lat' dir='ltr'>desideratoque</span> <span class='ocrx_word' id='word_1_45' title='bbox 512 1179 748 1260; x_wconf 72' lang='lat' dir='ltr'>acquiescimus</span> <span class='ocrx_word' id='word_1_46' title='bbox 773 1179 866 1242; x_wconf 76' lang='lat' dir='ltr'>laeto,</span> 
     </span>
     <span class='ocr_line' id='line_1_9' title="bbox 239 1295 1079 1379; baseline 0.001 -20"><span class='ocrx_word' id='word_1_47' title='bbox 239 1296 300 1360; x_wconf 88' lang='lat' dir='ltr'>hoo</span> <span class='ocrx_word' id='word_1_48' title='bbox 322 1296 480 1378; x_wconf 88' lang='lat' dir='ltr'>estquod</span> <span class='ocrx_word' id='word_1_49' title='bbox 502 1317 606 1361; x_wconf 89' lang='lat' dir='ltr'>uuum</span> <span class='ocrx_word' id='word_1_50' title='bbox 629 1307 679 1361; x_wconf 84' lang='lat' dir='ltr'>est</span> <span class='ocrx_word' id='word_1_51' title='bbox 699 1316 758 1379; x_wconf 89' lang='lat' dir='ltr'>pro</span> <span class='ocrx_word' id='word_1_52' title='bbox 780 1295 947 1361; x_wconf 77' lang='lat' dir='ltr'>laboribus</span> <span class='ocrx_word' id='word_1_53' title='bbox 970 1297 1079 1362; x_wconf 86' lang='lat' dir='ltr'>tantis.</span> 
     </span>
     <span class='ocr_line' id='line_1_10' title="bbox 238 1410 1068 1498; baseline 0 -20"><span class='ocrx_word' id='word_1_54' title='bbox 238 1413 338 1489; x_wconf 85' lang='lat' dir='ltr'>saluo,</span> <span class='ocrx_word' id='word_1_55' title='bbox 363 1434 381 1477; x_wconf 91' lang='lat' dir='ltr'>o</span> <span class='ocrx_word' id='word_1_56' title='bbox 403 1422 544 1480; x_wconf 84' lang='lat' dir='ltr'>uenuste</span> <span class='ocrx_word' id='word_1_57' title='bbox 566 1410 698 1492; x_wconf 79' lang='lat' dir='ltr'>Sirmio,</span> <span class='ocrx_word' id='word_1_58' title='bbox 727 1423 825 1497; x_wconf 87' lang='lat' dir='ltr'>atqua</span> <span class='ocrx_word' id='word_1_59' title='bbox 848 1415 927 1479; x_wconf 87' lang='lat' dir='ltr'>hero</span> <span class='ocrx_word' id='word_1_60' title='bbox 949 1416 1068 1498; x_wconf 81' lang='lat' dir='ltr'>gaude:</span> 
     </span>
     <span class='ocr_line' id='line_1_11' title="bbox 238 1531 963 1616; baseline 0.003 -22"><span class='ocrx_word' id='word_1_61' title='bbox 238 1531 376 1614; x_wconf 84' lang='lat' dir='ltr'>gaudeto</span> <span class='ocrx_word' id='word_1_62' title='bbox 398 1552 524 1616; x_wconf 85' lang='lat' dir='ltr'>uosque,</span> <span class='ocrx_word' id='word_1_63' title='bbox 548 1553 565 1596; x_wconf 95' lang='lat' dir='ltr'>o</span> <span class='ocrx_word' id='word_1_64' title='bbox 588 1531 698 1616; x_wconf 85' lang='lat' dir='ltr'>lydiae</span> <span class='ocrx_word' id='word_1_65' title='bbox 727 1532 820 1598; x_wconf 87' lang='lat' dir='ltr'>laeua</span> <span class='ocrx_word' id='word_1_66' title='bbox 842 1532 963 1597; x_wconf 84' lang='lat' dir='ltr'>undae:</span> 
     </span>
     <span class='ocr_line' id='line_1_12' title="bbox 238 1647 984 1731; baseline 0.003 -18"><span class='ocrx_word' id='word_1_67' title='bbox 238 1647 350 1726; x_wconf 78' lang='lat' dir='ltr'>ridete,</span> <span class='ocrx_word' id='word_1_68' title='bbox 373 1648 529 1731; x_wconf 91' lang='lat' dir='ltr'>quioquid</span> <span class='ocrx_word' id='word_1_69' title='bbox 552 1655 601 1714; x_wconf 86' lang='lat' dir='ltr'>est</span> <span class='ocrx_word' id='word_1_70' title='bbox 629 1649 719 1714; x_wconf 91' lang='lat' dir='ltr'>domi</span> <span class='ocrx_word' id='word_1_71' title='bbox 741 1649 984 1715; x_wconf 83' lang='lat' dir='ltr'>oaobiuuorum.</span> 
     </span>
    </p>
   </div>
   <div class='ocr_carea' id='block_1_3' title="bbox 614 1893 825 1967">
    <p class='ocr_par' dir='ltr' id='par_1_5' title="bbox 614 1893 825 1967">
     <span class='ocr_line' id='line_1_13' title="bbox 614 1893 825 1967; baseline 0.005 -1"><span class='ocrx_word' id='word_1_72' title='bbox 614 1893 753 1967; x_wconf 81' lang='lat' dir='ltr'>XXXII</span> <span class='ocrx_word' id='word_1_73' title='bbox 821 1917 825 1924; x_wconf 92' lang='lat'><em>·</em></span> 
     </span>
    </p>
   </div>
   <div class='ocr_carea' id='block_1_4' title="bbox 239 2054 771 2172">
    <p class='ocr_par' dir='ltr' id='par_1_6' title="bbox 239 2054 771 2172">
     <span class='ocr_line' id='line_1_14' title="bbox 239 2054 771 2172; baseline 0.013 -28"><span class='ocrx_word' id='word_1_74' title='bbox 239 2054 376 2162; x_wconf 67' lang='lat' dir='ltr'>Amabo,</span> <span class='ocrx_word' id='word_1_75' title='bbox 399 2105 471 2148; x_wconf 85' lang='lat' dir='ltr'>mea</span> <span class='ocrx_word' id='word_1_76' title='bbox 495 2085 600 2151; x_wconf 86' lang='lat' dir='ltr'>duleis</span> <span class='ocrx_word' id='word_1_77' title='bbox 622 2086 771 2172; x_wconf 82' lang='lat' dir='ltr'>Ipsitilla,</span> 
     </span>
    </p>
   </div>
   <div class='ocr_carea' id='block_1_5' title="bbox 237 2202 745 2287">
    <p class='ocr_par' dir='ltr' id='par_1_7' title="bbox 237 2202 745 2287">
     <span class='ocr_line' id='line_1_15' title="bbox 237 2202 745 2287; baseline 0.004 -21"><span class='ocrx_word' id='word_1_78' title='bbox 237 2222 329 2266; x_wconf 85' lang='lat' dir='ltr'>meae</span> <span class='ocrx_word' id='word_1_79' title='bbox 352 2202 496 2276; x_wconf 88' lang='lat' dir='ltr'>delieiae,</span> <span class='ocrx_word' id='word_1_80' title='bbox 520 2205 584 2268; x_wconf 89' lang='lat' dir='ltr'>moi</span> <span class='ocrx_word' id='word_1_81' title='bbox 609 2205 745 2287; x_wconf 85' lang='lat' dir='ltr'>lepores,</span> 
     </span>
    </p>
   </div>
   <div class='ocr_carea' id='block_1_6' title="bbox 173 2403 1191 2558">
    <p class='ocr_par' dir='ltr' id='par_1_8' title="bbox 173 2403 1191 2558">
     <span class='ocr_line' id='line_1_16' title="bbox 174 2403 1191 2473; baseline 0.004 -21"><span class='ocrx_word' id='word_1_82' title='bbox 174 2403 301 2453; x_wconf 69' lang='lat' dir='ltr'>dlibeute</span> <span class='ocrx_word' id='word_1_83' title='bbox 325 2415 337 2460; x_wconf 83' lang='grc' dir='ltr'>ΙΙ</span> <span class='ocrx_word' id='word_1_84' title='bbox 363 2403 457 2454; x_wconf 77' lang='lat' dir='ltr'>omiti</span> <span class='ocrx_word' id='word_1_85' title='bbox 480 2414 493 2460; x_wconf 81' lang='lat' dir='ltr'>tt</span> <span class='ocrx_word' id='word_1_86' title='bbox 516 2405 625 2455; x_wconf 82' lang='lat' dir='ltr'>crederis</span> <span class='ocrx_word' id='word_1_87' title='bbox 649 2407 720 2473; x_wconf 80' lang='lat' dir='ltr'>(sacr,</span> <span class='ocrx_word' id='word_1_88' title='bbox 741 2406 781 2458; x_wconf 84' lang='lat' dir='ltr'>al’.</span> <span class='ocrx_word' id='word_1_89' title='bbox 804 2409 926 2471; x_wconf 81' lang='lat' dir='ltr'>eredens)</span> <span class='ocrx_word' id='word_1_90' title='bbox 945 2407 1055 2457; x_wconf 78' lang='lat' dir='ltr'>thimiam</span> <span class='ocrx_word' id='word_1_91' title='bbox 1079 2417 1091 2463; x_wconf 86' lang='grc' dir='ltr'>ΙΙ</span> <span class='ocrx_word' id='word_1_92' title='bbox 1115 2407 1191 2456; x_wconf 86' lang='lat' dir='ltr'>bithi-</span> 
     </span>
     <span class='ocr_line' id='line_1_17' title="bbox 173 2489 1157 2558; baseline -0.001 -17"><span class='ocrx_word' id='word_1_93' title='bbox 173 2492 228 2541; x_wconf 89' lang='lat' dir='ltr'>uios</span> <span class='ocrx_word' id='word_1_94' title='bbox 250 2499 263 2545; x_wconf 85' lang='grc' dir='ltr'>ΙΙ</span> <span class='ocrx_word' id='word_1_95' title='bbox 290 2489 320 2538; x_wconf 92' lang='grc'>13</span> <span class='ocrx_word' id='word_1_96' title='bbox 338 2508 493 2557; x_wconf 84' lang='lat' dir='ltr'>unaquoque</span> <span class='ocrx_word' id='word_1_97' title='bbox 510 2491 578 2558; x_wconf 82' lang='lat' dir='ltr'>lydio</span> <span class='ocrx_word' id='word_1_98' title='bbox 602 2499 614 2546; x_wconf 89' lang='grc' dir='ltr'>ΙΙ</span> <span class='ocrx_word' id='word_1_99' title='bbox 638 2489 737 2540; x_wconf 88' lang='lat' dir='ltr'>XXXll</span> <span class='ocrx_word' id='word_1_100' title='bbox 757 2491 796 2540; x_wconf 77' lang='lat' dir='ltr'>Ad</span> <span class='ocrx_word' id='word_1_101' title='bbox 816 2491 948 2557; x_wconf 79' lang='lat' dir='ltr'>lpsicillam</span> <span class='ocrx_word' id='word_1_102' title='bbox 972 2499 985 2546; x_wconf 93' lang='grc' dir='ltr'>ΙΙ</span> <span class='ocrx_word' id='word_1_103' title='bbox 1012 2491 1022 2540; x_wconf 93' lang='lat' dir='ltr'>l</span> <span class='ocrx_word' id='word_1_104' title='bbox 1043 2491 1157 2556; x_wconf 80' lang='lat' dir='ltr'>lpsitblla</span> 
     </span>
    </p>
   </div>
   <div class='ocr_carea' id='block_1_7' title="bbox 173 2607 1192 3178">
    <p class='ocr_par' dir='ltr' id='par_1_9' title="bbox 173 2607 1192 3178">
     <span class='ocr_line' id='line_1_18' title="bbox 174 2607 1192 2674; baseline 0.002 -18"><span class='ocrx_word' id='word_1_105' title='bbox 174 2608 282 2658; x_wconf 71' lang='lat' dir='ltr'>llibeus</span> <span class='ocrx_word' id='word_1_106' title='bbox 295 2619 320 2658; x_wconf 85' lang='lat' dir='ltr'>te</span> <span class='ocrx_word' id='word_1_107' title='bbox 331 2607 486 2658; x_wconf 78' lang='lat' dir='ltr'>Passeratius</span> <span class='ocrx_word' id='word_1_108' title='bbox 538 2609 554 2658; x_wconf 81' lang='lat'>5</span> <span class='ocrx_word' id='word_1_109' title='bbox 568 2609 677 2658; x_wconf 80' lang='lat' dir='ltr'>thinriaru</span> <span class='ocrx_word' id='word_1_110' title='bbox 690 2618 713 2657; x_wconf 79' lang='lat' dir='ltr'>et</span> <span class='ocrx_word' id='word_1_111' title='bbox 725 2609 841 2660; x_wconf 76' lang='lat' dir='ltr'>bithiniae</span> <span class='ocrx_word' id='word_1_112' title='bbox 859 2609 885 2660; x_wconf 80' lang='lat' dir='ltr'>l&#39;.</span> <span class='ocrx_word' id='word_1_113' title='bbox 899 2627 971 2660; x_wconf 73' lang='lat' dir='ltr'>uorans</span> <span class='ocrx_word' id='word_1_114' title='bbox 984 2611 1105 2660; x_wconf 80' lang='lat' dir='ltr'>Thuniam</span> <span class='ocrx_word' id='word_1_115' title='bbox 1118 2618 1192 2674; x_wconf 86' lang='lat' dir='ltr'>atque</span> 
     </span>
     <span class='ocr_line' id='line_1_19' title="bbox 176 2691 1192 2759; baseline 0.002 -17"><span class='ocrx_word' id='word_1_116' title='bbox 176 2691 293 2742; x_wconf 85' lang='lat' dir='ltr'>bithuuos</span> <span class='ocrx_word' id='word_1_117' title='bbox 305 2693 486 2743; x_wconf 74' lang='lat' dir='ltr'>restituendum?</span> <span class='ocrx_word' id='word_1_118' title='bbox 547 2691 563 2742; x_wconf 88' lang='lat'>6</span> <span class='ocrx_word' id='word_1_119' title='bbox 580 2711 612 2742; x_wconf 86' lang='lat' dir='ltr'>ou</span> <span class='ocrx_word' id='word_1_120' title='bbox 630 2702 654 2743; x_wconf 87' lang='lat' dir='ltr'>st</span> <span class='ocrx_word' id='word_1_121' title='bbox 672 2693 760 2744; x_wconf 82' lang='lat' dir='ltr'>uidere</span> <span class='ocrx_word' id='word_1_122' title='bbox 778 2709 816 2743; x_wconf 86' lang='lat' dir='ltr'>me</span> <span class='ocrx_word' id='word_1_123' title='bbox 834 2695 859 2744; x_wconf 89' lang='lat' dir='ltr'>in</span> <span class='ocrx_word' id='word_1_124' title='bbox 878 2700 950 2744; x_wconf 73' lang='lat' dir='ltr'>tuto?</span> <span class='ocrx_word' id='word_1_125' title='bbox 1016 2697 1052 2746; x_wconf 70' lang='lat' dir='ltr'>ld.</span> <span class='ocrx_word' id='word_1_126' title='bbox 1070 2695 1099 2745; x_wconf 79' lang='lat'>13</span> <span class='ocrx_word' id='word_1_127' title='bbox 1116 2703 1192 2759; x_wconf 86' lang='lat' dir='ltr'>atqua</span> 
     </span>
     <span class='ocr_line' id='line_1_20' title="bbox 174 2775 1191 2845; baseline 0 -19"><span class='ocrx_word' id='word_1_128' title='bbox 174 2793 218 2826; x_wconf 82' lang='lat' dir='ltr'>oro</span> <span class='ocrx_word' id='word_1_129' title='bbox 234 2775 317 2842; x_wconf 82' lang='lat' dir='ltr'>gaude</span> <span class='ocrx_word' id='word_1_130' title='bbox 331 2776 473 2828; x_wconf 71' lang='lat' dir='ltr'>Gaudentio:</span> <span class='ocrx_word' id='word_1_131' title='bbox 493 2777 615 2844; x_wconf 68' lang='lat' dir='ltr'>Boopidis</span> <span class='ocrx_word' id='word_1_132' title='bbox 625 2776 709 2842; x_wconf 83' lang='lat' dir='ltr'>plilol.</span> <span class='ocrx_word' id='word_1_133' title='bbox 723 2775 755 2825; x_wconf 88' lang='lat' dir='ltr'>X</span> <span class='ocrx_word' id='word_1_134' title='bbox 761 2777 793 2829; x_wconf 88' lang='lat' dir='ltr'>Vl</span> <span class='ocrx_word' id='word_1_135' title='bbox 807 2779 858 2828; x_wconf 79' lang='lat' dir='ltr'>olo</span> <span class='ocrx_word' id='word_1_136' title='bbox 924 2779 953 2828; x_wconf 80' lang='lat'>13</span> <span class='ocrx_word' id='word_1_137' title='bbox 970 2795 1064 2845; x_wconf 89' lang='lat' dir='ltr'>uosque</span> <span class='ocrx_word' id='word_1_138' title='bbox 1083 2777 1191 2829; x_wconf 66' lang='lat' dir='ltr'>otacu-</span> 
     </span>
     <span class='ocr_line' id='line_1_21' title="bbox 174 2853 1191 2938; baseline 0.002 -30"><span class='ocrx_word' id='word_1_139' title='bbox 174 2877 287 2910; x_wconf 82' lang='lat' dir='ltr'>moaous:</span> <span class='ocrx_word' id='word_1_140' title='bbox 308 2877 401 2925; x_wconf 74' lang='lat' dir='ltr'>tuosque</span> <span class='ocrx_word' id='word_1_141' title='bbox 419 2862 473 2925; x_wconf 84' lang='grc' dir='ltr'>(ω)</span> <span class='ocrx_word' id='word_1_142' title='bbox 497 2859 535 2910; x_wconf 85' lang='lat' dir='ltr'>uel</span> <span class='ocrx_word' id='word_1_143' title='bbox 557 2878 601 2912; x_wconf 88' lang='lat' dir='ltr'>uos</span> <span class='ocrx_word' id='word_1_144' title='bbox 624 2853 672 2938; x_wconf 83' lang='grc' dir='ltr'>οβ</span> <span class='ocrx_word' id='word_1_145' title='bbox 773 2861 845 2928; x_wconf 77' lang='lat' dir='ltr'>Lydii</span> <span class='ocrx_word' id='word_1_146' title='bbox 862 2871 917 2926; x_wconf 83' lang='lat' dir='ltr'>post</span> <span class='ocrx_word' id='word_1_147' title='bbox 935 2861 1084 2929; x_wconf 77' lang='lat' dir='ltr'>Soalipmtm</span> <span class='ocrx_word' id='word_1_148' title='bbox 1102 2861 1191 2911; x_wconf 83' lang='lat' dir='ltr'>Froelt·</span> 
     </span>
     <span class='ocr_line' id='line_1_22' title="bbox 175 2943 1190 3010; baseline 0.005 -19"><span class='ocrx_word' id='word_1_149' title='bbox 175 2943 258 2992; x_wconf 81' lang='lat' dir='ltr'>liobius</span> <span class='ocrx_word' id='word_1_150' title='bbox 276 2943 370 2993; x_wconf 79' lang='lat' dir='ltr'>Libuae</span> <span class='ocrx_word' id='word_1_151' title='bbox 388 2944 574 2994; x_wconf 78' lang='lat' dir='ltr'>Lucloturmus*</span> <span class='ocrx_word' id='word_1_152' title='bbox 597 2947 710 3010; x_wconf 80' lang='lat' dir='ltr'>(propter</span> <span class='ocrx_word' id='word_1_153' title='bbox 732 2945 822 2996; x_wconf 80' lang='lat' dir='ltr'>Libuos</span> <span class='ocrx_word' id='word_1_154' title='bbox 848 2945 947 3008; x_wconf 83' lang='lat' dir='ltr'>Gallos,</span> <span class='ocrx_word' id='word_1_155' title='bbox 969 2949 1000 3010; x_wconf 83' lang='lat' dir='ltr'>cf.</span> <span class='ocrx_word' id='word_1_156' title='bbox 1019 2947 1086 2996; x_wconf 75' lang='lat' dir='ltr'>Liuio¹</span> <span class='ocrx_word' id='word_1_157' title='bbox 1110 2945 1135 2995; x_wconf 89' lang='lat' dir='ltr'><em>V</em></span> <span class='ocrx_word' id='word_1_158' title='bbox 1153 2947 1190 2996; x_wconf 73' lang='grc'>36</span> 
     </span>
     <span class='ocr_line' id='line_1_23' title="bbox 176 3025 1190 3094; baseline 0.004 -20"><span class='ocrx_word' id='word_1_159' title='bbox 176 3025 294 3076; x_wconf 74' lang='grc' dir='ltr'><em>ΧΧ138</em></span> <span class='ocrx_word' id='word_1_160' title='bbox 313 3025 434 3076; x_wconf 85' lang='lat' dir='ltr'>XXXlll</span> <span class='ocrx_word' id='word_1_161' title='bbox 456 3027 510 3088; x_wconf 72' lang='lat'>³7)</span> <span class='ocrx_word' id='word_1_162' title='bbox 529 3027 603 3092; x_wconf 85' lang='lat' dir='ltr'>(Hp)</span> <span class='ocrx_word' id='word_1_163' title='bbox 622 3029 718 3080; x_wconf 83' lang='lat' dir='ltr'>lucidae</span> <span class='ocrx_word' id='word_1_164' title='bbox 731 3029 883 3079; x_wconf 81' lang='lat' dir='ltr'>BGuariuos</span> <span class='ocrx_word' id='word_1_165' title='bbox 895 3030 1017 3094; x_wconf 76' lang='lat' dir='ltr'>Berplcios</span> <span class='ocrx_word' id='word_1_166' title='bbox 1032 3029 1190 3078; x_wconf 78' lang='lat' dir='ltr'>HAKocbt&#39;us·</span> 
     </span>
     <span class='ocr_line' id='line_1_24' title="bbox 173 3107 1191 3178; baseline 0.004 -22"><span class='ocrx_word' id='word_1_167' title='bbox 173 3110 238 3174; x_wconf 75' lang='lat' dir='ltr'>syort</span> <span class='ocrx_word' id='word_1_168' title='bbox 262 3107 347 3171; x_wconf 74' lang='lat' dir='ltr'>philol.</span> <span class='ocrx_word' id='word_1_169' title='bbox 365 3111 431 3159; x_wconf 80' lang='lat' dir='ltr'>torm.</span> <span class='ocrx_word' id='word_1_170' title='bbox 449 3109 504 3159; x_wconf 68' lang='lat'>:316</span> <span class='ocrx_word' id='word_1_171' title='bbox 521 3110 604 3160; x_wconf 79' lang='lat' dir='ltr'>ludios</span> <span class='ocrx_word' id='word_1_172' title='bbox 624 3110 735 3176; x_wconf 79' lang='lat' dir='ltr'>Scoliper</span> <span class='ocrx_word' id='word_1_173' title='bbox 752 3112 869 3177; x_wconf 85' lang='lat' dir='ltr'>limpidae</span> <span class='ocrx_word' id='word_1_174' title='bbox 883 3113 1002 3162; x_wconf 76' lang='lat' dir='ltr'>Auooto&#39;us</span> <span class='ocrx_word' id='word_1_175' title='bbox 1020 3112 1134 3178; x_wconf 87' lang='lat' dir='ltr'>(limpidi</span> <span class='ocrx_word' id='word_1_176' title='bbox 1153 3111 1191 3161; x_wconf 85' lang='lat' dir='ltr'>ol·</span> 
     </span>
    </p>
   </div>
   <div class='ocr_carea' id='block_1_8' title="bbox 173 3190 1190 3326">
    <p class='ocr_par' dir='ltr' id='par_1_10' title="bbox 173 3190 1190 3326">
     <span class='ocr_line' id='line_1_25' title="bbox 173 3190 1190 3261; baseline 0.004 -21"><span class='ocrx_word' id='word_1_177' title='bbox 173 3191 230 3240; x_wconf 83' lang='lat' dir='ltr'>dina</span> <span class='ocrx_word' id='word_1_178' title='bbox 249 3190 337 3254; x_wconf 77' lang='lat'><em>1502)</em></span> <span class='ocrx_word' id='word_1_179' title='bbox 356 3207 400 3242; x_wconf 85' lang='lat' dir='ltr'>uos</span> <span class='ocrx_word' id='word_1_180' title='bbox 419 3209 530 3257; x_wconf 85' lang='lat' dir='ltr'>quoque,</span> <span class='ocrx_word' id='word_1_181' title='bbox 553 3194 642 3245; x_wconf 83' lang='lat' dir='ltr'>iueitae</span> <span class='ocrx_word' id='word_1_182' title='bbox 663 3195 729 3246; x_wconf 85' lang='lat' dir='ltr'>lacus</span> <span class='ocrx_word' id='word_1_183' title='bbox 746 3194 852 3261; x_wconf 80' lang='lat' dir='ltr'>Hepoius</span> <span class='ocrx_word' id='word_1_184' title='bbox 869 3196 953 3247; x_wconf 80' lang='lat' dir='ltr'>luteae</span> <span class='ocrx_word' id='word_1_185' title='bbox 972 3195 1120 3246; x_wconf 76' lang='lat' dir='ltr'>Froeloenos</span> <span class='ocrx_word' id='word_1_186' title='bbox 1136 3195 1190 3259; x_wconf 83' lang='lat' dir='ltr'>pli-</span> 
     </span>
     <span class='ocr_line' id='line_1_26' title="bbox 174 3271 380 3326; baseline 0.005 -3"><span class='ocrx_word' id='word_1_187' title='bbox 174 3274 213 3326; x_wconf 88' lang='lat' dir='ltr'>lol.</span> <span class='ocrx_word' id='word_1_188' title='bbox 234 3271 307 3324; x_wconf 88' lang='lat' dir='ltr'>Xllll</span> <span class='ocrx_word' id='word_1_189' title='bbox 324 3274 380 3325; x_wconf 75' lang='lat' dir='ltr'>ota</span> 
     </span>
    </p>
   </div>
   <div class='ocr_carea' id='block_1_9' title="bbox 169 3373 1193 3878">
    <p class='ocr_par' dir='ltr' id='par_1_11' title="bbox 169 3373 1193 3878">
     <span class='ocr_line' id='line_1_27' title="bbox 240 3373 1190 3446; baseline 0.008 -21"><span class='ocrx_word' id='word_1_190' title='bbox 240 3373 340 3425; x_wconf 92' lang='lat' dir='ltr'>XXXll</span> <span class='ocrx_word' id='word_1_191' title='bbox 364 3379 371 3425; x_wconf 94' lang='lat' dir='ltr'>l</span> <span class='ocrx_word' id='word_1_192' title='bbox 397 3375 502 3441; x_wconf 85' lang='lat' dir='ltr'>Ipsitilla</span> <span class='ocrx_word' id='word_1_193' title='bbox 526 3378 614 3442; x_wconf 75' lang='lat' dir='ltr'>scripsi</span> <span class='ocrx_word' id='word_1_194' title='bbox 636 3377 680 3445; x_wconf 52' lang='grc' dir='ltr'>(ᾧ</span> <span class='ocrx_word' id='word_1_195' title='bbox 702 3379 870 3428; x_wconf 79' lang='lat' dir='ltr'>Buechelerum</span> <span class='ocrx_word' id='word_1_196' title='bbox 892 3378 927 3428; x_wconf 85' lang='lat' dir='ltr'>od</span> <span class='ocrx_word' id='word_1_197' title='bbox 944 3378 1079 3430; x_wconf 77' lang='lat' dir='ltr'>Petronium</span> <span class='ocrx_word' id='word_1_198' title='bbox 1103 3399 1122 3446; x_wconf 85' lang='lat' dir='ltr'>p</span> <span class='ocrx_word' id='word_1_199' title='bbox 1151 3381 1190 3434; x_wconf 76' lang='lat'>74.</span> 
     </span>
     <span class='ocr_line' id='line_1_28' title="bbox 169 3460 1193 3532; baseline 0.007 -23"><span class='ocrx_word' id='word_1_200' title='bbox 169 3477 251 3509; x_wconf 74' lang='lat' dir='ltr'>nomeu</span> <span class='ocrx_word' id='word_1_201' title='bbox 276 3460 399 3526; x_wconf 80' lang='lat' dir='ltr'>Ipsitillas</span> <span class='ocrx_word' id='word_1_202' title='bbox 425 3463 476 3511; x_wconf 71' lang='lat' dir='ltr'>soloe</span> <span class='ocrx_word' id='word_1_203' title='bbox 507 3463 625 3528; x_wconf 84' lang='lat' dir='ltr'>ipsitillao</span> <span class='ocrx_word' id='word_1_204' title='bbox 655 3465 732 3514; x_wconf 85' lang='lat' dir='ltr'>mauis</span> <span class='ocrx_word' id='word_1_205' title='bbox 759 3465 950 3531; x_wconf 67' lang='lat' dir='ltr'>lypoconbticum</span> <span class='ocrx_word' id='word_1_206' title='bbox 981 3468 1011 3515; x_wconf 88' lang='lat' dir='ltr'>ab</span> <span class='ocrx_word' id='word_1_207' title='bbox 1041 3467 1095 3532; x_wconf 88' lang='lat' dir='ltr'>ipsa</span> <span class='ocrx_word' id='word_1_208' title='bbox 1121 3467 1193 3517; x_wconf 77' lang='lat' dir='ltr'>sicrrti</span> 
     </span>
     <span class='ocr_line' id='line_1_29' title="bbox 172 3543 1190 3617; baseline 0.009 -24"><span class='ocrx_word' id='word_1_209' title='bbox 172 3543 342 3609; x_wconf 83' lang='lat' dir='ltr'>hirquitallus,</span> <span class='ocrx_word' id='word_1_210' title='bbox 367 3545 395 3594; x_wconf 70' lang='lat' dir='ltr'>de</span> <span class='ocrx_word' id='word_1_211' title='bbox 417 3563 462 3609; x_wconf 83' lang='lat' dir='ltr'>quo</span> <span class='ocrx_word' id='word_1_212' title='bbox 480 3545 534 3596; x_wconf 78' lang='lat' dir='ltr'>uide</span> <span class='ocrx_word' id='word_1_213' title='bbox 556 3566 616 3612; x_wconf 82' lang='lat' dir='ltr'>qous</span> <span class='ocrx_word' id='word_1_214' title='bbox 638 3549 666 3598; x_wconf 83' lang='lat' dir='ltr'>de</span> <span class='ocrx_word' id='word_1_215' title='bbox 690 3549 837 3598; x_wconf 76' lang='lat' dir='ltr'>dontinutiro&#39;s</span> <span class='ocrx_word' id='word_1_216' title='bbox 858 3550 952 3614; x_wconf 70' lang='lat' dir='ltr'>praeca</span> <span class='ocrx_word' id='word_1_217' title='bbox 973 3559 996 3600; x_wconf 81' lang='lat' dir='ltr'>et</span> <span class='ocrx_word' id='word_1_218' title='bbox 1018 3550 1099 3601; x_wconf 80' lang='lat' dir='ltr'>latinis</span> <span class='ocrx_word' id='word_1_219' title='bbox 1114 3569 1141 3617; x_wconf 87' lang='lat' dir='ltr'>p.</span> <span class='ocrx_word' id='word_1_220' title='bbox 1159 3554 1190 3603; x_wconf 88' lang='grc'>81</span> 
     </span>
     <span class='ocr_line' id='line_1_30' title="bbox 172 3627 1190 3710; baseline 0.01 -34"><span class='ocrx_word' id='word_1_221' title='bbox 172 3629 287 3692; x_wconf 65' lang='lat' dir='ltr'>exposui,</span> <span class='ocrx_word' id='word_1_222' title='bbox 323 3632 353 3678; x_wconf 85' lang='lat' dir='ltr'>ab</span> <span class='ocrx_word' id='word_1_223' title='bbox 388 3630 491 3696; x_wconf 86' lang='lat' dir='ltr'>hirquus</span> <span class='ocrx_word' id='word_1_224' title='bbox 528 3631 677 3698; x_wconf 83' lang='lat' dir='ltr'>deriuutur):</span> <span class='ocrx_word' id='word_1_225' title='bbox 712 3634 836 3699; x_wconf 81' lang='lat' dir='ltr'>Ipsitbilla</span> <span class='ocrx_word' id='word_1_226' title='bbox 866 3627 909 3710; x_wconf 84' lang='grc' dir='ltr'>βω</span> <span class='ocrx_word' id='word_1_227' title='bbox 935 3633 980 3684; x_wconf 87' lang='lat' dir='ltr'>Lm</span> <span class='ocrx_word' id='word_1_228' title='bbox 1016 3645 1038 3684; x_wconf 81' lang='lat' dir='ltr'>et</span> <span class='ocrx_word' id='word_1_229' title='bbox 1068 3637 1092 3686; x_wconf 82' lang='lat' dir='ltr'>iu</span> <span class='ocrx_word' id='word_1_230' title='bbox 1124 3635 1190 3688; x_wconf 76' lang='lat' dir='ltr'>titolo</span> 
     </span>
     <span class='ocr_line' id='line_1_31' title="bbox 172 3713 1189 3783; baseline 0.012 -23"><span class='ocrx_word' id='word_1_231' title='bbox 172 3713 296 3761; x_wconf 82' lang='lat' dir='ltr'>uoroaensi</span> <span class='ocrx_word' id='word_1_232' title='bbox 320 3715 402 3777; x_wconf 78' lang='lat' dir='ltr'>spurio</span> <span class='ocrx_word' id='word_1_233' title='bbox 424 3715 456 3766; x_wconf 90' lang='lat' dir='ltr'>D.</span> <span class='ocrx_word' id='word_1_234' title='bbox 480 3715 512 3767; x_wconf 86' lang='grc' dir='ltr'>Μ.</span> <span class='ocrx_word' id='word_1_235' title='bbox 538 3715 677 3782; x_wconf 80' lang='lat' dir='ltr'>lpslthilluo</span> <span class='ocrx_word' id='word_1_236' title='bbox 704 3718 861 3771; x_wconf 79' lang='lat' dir='ltr'>dulcissimae</span> <span class='ocrx_word' id='word_1_237' title='bbox 883 3722 910 3772; x_wconf 80' lang='lat' dir='ltr'>C.</span> <span class='ocrx_word' id='word_1_238' title='bbox 937 3721 1049 3772; x_wconf 76' lang='lat' dir='ltr'>Valerius</span> <span class='ocrx_word' id='word_1_239' title='bbox 1068 3721 1189 3783; x_wconf 80' lang='lat' dir='ltr'>Catullus,</span> 
     </span>
     <span class='ocr_line' id='line_1_32' title="bbox 173 3794 1187 3878; baseline 0.012 -33"><span class='ocrx_word' id='word_1_240' title='bbox 173 3795 247 3861; x_wconf 83' lang='lat' dir='ltr'>quode</span> <span class='ocrx_word' id='word_1_241' title='bbox 276 3797 306 3860; x_wconf 75' lang='lat' dir='ltr'>ts.</span> <span class='ocrx_word' id='word_1_242' title='bbox 333 3815 371 3861; x_wconf 83' lang='lat' dir='ltr'>qu.</span> <span class='ocrx_word' id='word_1_243' title='bbox 395 3809 434 3850; x_wconf 84' lang='lat' dir='ltr'>cot</span> <span class='ocrx_word' id='word_1_244' title='bbox 464 3803 475 3850; x_wconf 92' lang='lat' dir='ltr'>l</span> <span class='ocrx_word' id='word_1_245' title='bbox 498 3800 542 3851; x_wconf 78' lang='lat'>22.</span> <span class='ocrx_word' id='word_1_246' title='bbox 576 3801 686 3867; x_wconf 72' lang='lat' dir='ltr'>Ipsitilla</span> <span class='ocrx_word' id='word_1_247' title='bbox 706 3794 723 3878; x_wconf 86' lang='grc' dir='ltr'>β</span> <span class='ocrx_word' id='word_1_248' title='bbox 743 3803 791 3867; x_wconf 71' lang='lat' dir='ltr'>(q&#39;.</span> <span class='ocrx_word' id='word_1_249' title='bbox 809 3804 931 3871; x_wconf 78' lang='lat' dir='ltr'>inscriptio</span> <span class='ocrx_word' id='word_1_250' title='bbox 949 3805 973 3856; x_wconf 79' lang='lat' dir='ltr'>in</span> <span class='ocrx_word' id='word_1_251' title='bbox 998 3804 1187 3870; x_wconf 63' lang='lat' dir='ltr'>Vffloelue·</span> 
     </span>
    </p>
   </div>
   <div class='ocr_carea' id='block_1_10' title="bbox 0 0 1466 4478">
    <p class='ocr_par' dir='ltr' id='par_1_12' title="bbox 0 0 1466 4478">
     <span class='ocr_line' id='line_1_33' title="bbox 0 0 1466 4478; baseline 0 3"><span class='ocrx_word' id='word_1_252' title='bbox 0 0 1466 4478; x_wconf 95' lang='lat' dir='ltr'> </span> 
     </span>
    </p>
   </div>
  </div>
 </body>
</html>
