2954 4492
325 343 356 392 82
607 339 631 391 V
664 339 713 393 DE
731 339 911 396 sucumve
928 340 1081 395 clevum

321 505 438 570 similos
450 516 582 594 questus
590 505 737 574 Catullus
750 508 782 572 in
793 509 936 575 carmine
945 527 1092 591 Lxxxvn,
1102 509 1189 597 quod
1203 507 1370 573 exestlem

321 645 435 688 caussa
455 634 488 688 st
505 623 617 688 eodem
641 645 705 712 quo
726 624 804 690 illud
828 636 974 711 tempore
995 625 1151 713 seriptum
1174 635 1234 709 est,
1256 623 1369 692 edidit,

421 775 517 839 Nullo
538 788 637 861 potest
656 775 768 840 mulier
788 787 905 840 tantum
925 799 958 841 se
978 775 1082 842 ds'om
1102 787 1242 841 amotam

468 914 547 974 uere,
569 903 714 977 quercuum
735 916 754 954 a
776 915 822 957 me
844 891 959 958 Lesbio
978 905 1083 956 amato
1104 895 1208 958 mea's.

418 1007 511 1072 nullo
522 1007 608 1092 fides
629 1007 709 1071 nollo
730 1006 791 1090 fuit
810 1031 954 1094 umquam
968 1007 1096 1094 foedere
1118 1021 1202 1074 tanta

468 1135 585 1209 quauta
605 1125 639 1188 sir
662 1145 767 1188 amore
788 1135 838 1188 tuo
859 1149 895 1188 er
910 1135 1002 1210 parte
1023 1137 1146 1209 reperta
1161 1137 1262 1188 meost.

320 1287 458 1354 quocum
480 1265 622 1330 carmine
645 1263 810 1352 Scaliger,
843 1289 938 1354 quem
967 1278 1095 1354 praeter
1115 1267 1235 1332 multos
1258 1288 1367 1332 seecu-

319 1383 422 1446 lorum
449 1382 591 1469 priorum
613 1383 701 1447 uiros
723 1381 834 1449 doctos
856 1380 1084 1448 Lachmannus
1106 1380 1269 1469 Hauptius
1291 1379 1368 1448 Hel-

319 1499 427 1586 bigius
451 1497 591 1584 Heysius
613 1497 789 1564 Teuffclius
812 1498 973 1584 Bergkius
1004 1501 1100 1582 (mus.
1122 1497 1269 1564 Rhenon.
1292 1521 1367 1564 nou.

319 1639 362 1680 xv
393 1615 469 1700 cll)
503 1615 555 1682 olii
592 1617 693 1682 secuti
726 1625 820 1698 sunt,
857 1616 926 1680 iure
956 1615 1078 1704 optimo
1109 1639 1240 1682 carmen
1274 1635 1369 1683 Lxxv

318 1732 497 1817 coniunxit,

417 1899 496 1942 nuno
516 1887 560 1940 eet
580 1898 664 1941 mens
685 1874 817 1942 diducto
837 1887 900 1958 luo,
921 1898 989 1941 mco
1010 1874 1135 1959 Lesbio,
1156 1875 1253 1962 culpo

468 2005 557 2078 alque
577 1996 618 2056 ito
640 2013 673 2056 oc
694 1991 803 2077 officio
822 1995 951 2078 perdidit
972 1992 1048 2078 ι’ρεα
1069 2014 1135 2070 suo,

417 2121 449 2172 ut
468 2111 531 2174 iam
552 2130 606 2174 nco
626 2111 699 2173 bene
719 2109 799 2174 uelle
817 2119 908 2196 queat
926 2109 989 2192 ribi,
1011 2108 1172 2194 cleptim
1184 2107 1263 2194 fiac,

466 2249 520 2290 nec
541 2225 689 2292 desistere
710 2247 825 2307 amare,
847 2226 950 2290 omnia
971 2227 1004 2290 si
1014 2224 1138 2312 facias.

405 2376 472 2443 Sed
501 2399 568 2442 non
591 2376 693 2442 solum
713 2375 745 2440 in
775 2374 922 2442 Clodiam
950 2375 1008 2441 sed
1039 2377 1135 2442 etiam
1156 2374 1189 2440 in
1211 2373 1368 2458 aemulos,

317 2493 507 2579 quibuscum
530 2515 568 2558 eo
582 2491 795 2577 adulterabat,
817 2491 967 2560 Catullus
988 2491 1195 2558 uehementer
1216 2492 1368 2558 inuectus

317 2621 376 2676 est.
419 2611 600 2699 dequibus
631 2609 686 2676 uni
709 2607 835 2675 Rouido
868 2607 1051 2676 nesciocui
1076 2607 1368 2676 clodismssouri

316 2749 393 2792 auso
416 2739 512 2813 poete
532 2727 567 2791 in
588 2726 730 2792 carmine
743 2749 836 2792 xxxx
858 2727 1018 2806 Quaenam
1040 2738 1067 2791 te
1086 2728 1173 2792 molo
1190 2747 1285 2808 mens,
1306 2725 1369 2791 mi-

315 2843 388 2909 selle
418 2842 544 2909 Rauidc
572 2866 709 2932 poenam
737 2843 960 2932 grauissimam
990 2844 1142 2909 minetur.
1183 2851 1365 2930 praeterea,

316 2959 343 3024 si
371 2961 405 3025 in
432 2961 573 3026 tenebris
600 2969 666 3025 tam
696 2959 805 3048 spissis
833 2959 1025 3025 coniecturis
1050 2958 1150 3024 fidere
1170 2959 1261 3041 licet,
1289 2979 1366 3024 con·

315 3076 410 3163 plura
438 3077 582 3143 carmine
614 3079 751 3142 fortasse
777 3077 842 3142 huc
871 3076 1040 3142 referendo
1069 3085 1144 3141 sunt
1175 3074 1210 3140 in
1245 3074 1366 3162 quibus

317 3191 471 3259 Catullus.
505 3193 545 3258 de
578 3192 715 3282 perfidis
749 3193 927 3258 amicorum
962 3191 1165 3281 quorundum
1207 3190 1366 3279 queritur.

317 3308 417 3374 ueluti
438 3331 567 3374 carmen
589 3329 635 3376 Lx
656 3309 741 3374 Num
760 3322 789 3390 le
810 3309 918 3374 leoena
940 3311 1088 3376 momulus
1109 3307 1297 3394 Libyaeue,
1329 3306 1363 3373 in

316 3434 382 3513 quo
406 3425 446 3490 de
468 3425 606 3513 quodam
629 3427 686 3513 qui
712 3421 754 3490 ‘in
775 3427 950 3493 nouissimo
981 3419 1085 3510 ossu',
1114 3435 1151 3491 ut
1181 3424 1226 3490 eit
1255 3435 1365 3513 poem,

313 3563 425 3630 preces
441 3567 514 3608 suas
529 3566 594 3610 non
610 3543 782 3625 audiuerit‚
798 3545 943 3630 grauiter
959 3545 1126 3633 queritur:
1140 3564 1237 3630 quem
1253 3565 1366 3610 ouum

315 3660 375 3724 etsi
406 3660 565 3725 nescimus
594 3660 696 3749 qualis
718 3661 834 3742 fuerit,
868 3671 975 3727 temen
1006 3683 1078 3726 oum
1107 3669 1224 3747 poetes
1255 3681 1366 3726 umore

314 3779 447 3862 eiusque
479 3776 753 3843 uicissitudinibus
784 3777 965 3844 cohaesisse
994 3799 1059 3843 non
1088 3778 1134 3842 ite
1161 3775 1366 3863 inprobabile
1459 3851 1460 3856 ἵ

314 3904 372 3960 est.
416 3893 499 3958 idem
531 3892 571 3957 de
601 3887 712 3960 ‘molis’
739 3893 915 3972 coniciam,
955 3893 988 3960 in
1018 3893 1135 3981 quibus
1162 3893 1204 3958 sb
1233 3891 1365 3977 Alfeno,
