2920 4492
264 365 282 414 4
670 353 880 408 uuoourssvu

247 531 299 587 ,nt
327 519 470 587 incuriae
498 531 531 588 et
563 521 790 609 neglegentiae
818 522 962 602 crimen,
994 520 1081 608 quod
1102 519 1312 588 Lachmaano

263 636 384 704 Catulli
407 637 521 704 editori
543 636 737 705 Guilislmus
758 637 963 704 Froehnerus
984 660 1088 724 nuper
1109 637 1250 721 obiecit,
1272 637 1314 702 ab

263 753 392 820 honrine
413 777 477 821 non
498 755 595 822 modo
616 754 875 840 ingeniosissimo
897 753 954 820 sed
976 755 1073 820 etiam
1096 752 1312 820 curiosissimo

263 871 385 938 uiribus
407 871 556 938 omnibus
577 872 772 960 propulsam.
815 871 1020 938 Froehnerus
1036 870 1165 959 quidem
1187 870 1214 936 si
1235 869 1314 936 nihil

262 987 348 1054 aliud
373 989 530 1056 uoluisset
552 989 614 1054 uisi
639 987 830 1056 coniecturls
851 987 980 1053 insulsis
1000 986 1164 1054 Catullum
1183 1009 1312 1068 uexere,

263 1127 398 1192 quarum
419 1115 535 1171 nutura
556 1127 598 1172 ex
620 1105 767 1192 specioso
790 1105 939 1192 exemplo
961 1115 997 1170 ut
1011 1113 1235 1190 cognoscatur,
1258 1103 1314 1170 ob·

263 1222 444 1288 luctationis
465 1245 581 1289 caussa
601 1243 853 1288 commemorare
873 1222 964 1288 lubet
987 1221 1078 1286 illum
1099 1243 1218 1286 aroana
1236 1242 1313 1307 qus·

263 1337 337 1404 dam
358 1338 469 1425 legum
489 1338 673 1426 aphaeresis
696 1362 792 1427 quam
814 1337 1017 1424 grammatici
1041 1347 1158 1403 uocant
1180 1338 1313 1404 scicntia

263 1477 356 1522 usum
384 1456 586 1542 corruptelae
615 1456 660 1522 illi
692 1457 879 1522 notissimae
910 1459 981 1540 (uxr
1016 1455 1070 1540 74)
1096 1454 1159 1522 hac
1190 1453 1312 1542 insigni

263 1573 387 1640 medela
409 1595 594 1640 succurrere
614 1583 814 1661 temptasse:

561 1693 635 1779 qaia
656 1691 733 1756 deur
751 1695 850 1779 magis
871 1715 892 1754 α
912 1691 1039 1756 maritis

563 1820 604 1874 est
620 1807 771 1894 petendus
792 1808 977 1889 amontibur,

263 1922 290 1988 si
311 1924 446 2010 inquam
467 1923 548 1989 nihil
569 1924 629 1990 nisi
654 1923 950 2000 emendationibus,
981 1923 1007 1988 si
1030 1922 1078 1988 dis
1098 1921 1220 2010 placet,
1242 1919 1311 1986 tali·

262 2041 323 2106 bus
362 2039 547 2106 effutiendis
578 2040 737 2126 pruritum
774 2039 920 2105 criticum
957 2039 1072 2104 sedare
1105 2038 1159 2103 ille
1194 2037 1311 2104 uoluis·

262 2167 328 2240 set,
357 2157 418 2222 hoc
444 2157 603 2243 patienter
632 2155 884 2244 pertulissemus.
927 2177 984 2221 cur
1006 2155 1091 2222 euim
1113 2164 1187 2242 post
1207 2163 1257 2221 tot
1277 2153 1311 2220 in

263 2273 390 2342 Catullo
414 2272 614 2340 emendando
638 2286 670 2340 et
691 2271 889 2361 antiquiores
910 2282 943 2339 et
965 2272 1162 2338 recentiores
1176 2281 1312 2358 nugato-

262 2411 314 2456 res
345 2412 409 2456 non
441 2389 662 2456 Froehnerum
695 2411 826 2478 quoque
860 2411 965 2477 aequo
996 2390 1104 2456 auimo
1136 2397 1169 2454 ct
1199 2387 1311 2454 sedato

262 2505 503 2572 toleraremus?
545 2519 578 2574 at
598 2527 671 2574 cum
693 2506 778 2574 idem
799 2507 832 2572 iu
853 2507 1010 2594 philologi
1026 2503 1235 2591 Leutschiaui
1256 2527 1313 2570 uo·

261 2623 390 2690 luminis
405 2647 469 2690 xuu
483 2646 514 2711 p.
528 2622 590 2689 579
604 2622 760 2690 adcurate
775 2623 994 2690 adfirmauerit
1009 2621 1311 2688 Lachmsnuum

263 2739 310 2806 de
331 2739 391 2805 eis
411 2761 516 2827 quae
537 2763 675 2808 manus
698 2739 1021 2807 codicisDatsni
1041 2739 1171 2826 prima
1193 2739 1311 2826 scrip

262 2857 367 2926 serit
399 2858 649 2946 plerumque
682 2858 791 2923 falsa
822 2858 1066 2939 rettulisse,
1098 2855 1139 2920 ni
1172 2855 1310 2920 mirum

262 2995 349 3040 cum
376 2985 498 3041 recte
519 2975 660 3060 legere
681 2995 760 3039 uon
781 2973 1022 3054 didicisset,
1056 2982 1089 3039 st
1109 2971 1258 3038 ueritatis
1279 2982 1312 3036 et

261 3093 435 3158 memoriae
464 3091 524 3157 uiri
554 3089 669 3156 summi
696 3088 837 3156 tuendae
862 3113 975 3158 caussa
995 3087 1214 3178 eloquendum,
1233 3087 1311 3154 milri

262 3229 333 3274 esse
364 3217 443 3295 puto
473 3207 679 3290 Frochnero‚
712 3231 786 3274 cum
814 3205 1058 3274 Lachmannum
1090 3203 1311 3292 indiligentius

261 3325 455 3391 conuiuccre
482 3324 595 3408 uellet,
627 3323 784 3390 accidisse
814 3333 849 3390 ut
879 3346 913 3390 sc
935 3324 1039 3410 ipsum
1059 3331 1093 3388 et
1115 3319 1243 3407 legendi
1264 3319 1311 3384 in»

262 3442 492 3531 peritissimum
521 3451 554 3507 et
582 3441 793 3526 neglegentia
812 3440 908 3527 plane
930 3437 1109 3504 incredibili
1130 3435 1310 3524 praeditum

261 3567 450 3648 praestaret.
493 3579 649 3644 quaeres
671 3557 745 3624 ilico
767 3555 844 3622 milri
865 3555 1036 3642 adparuit,
1058 3577 1131 3620 oum
1154 3554 1311 3640 discepto

260 3691 351 3744 turus
378 3685 487 3742 uuum
516 3673 743 3740 Lachmunuus
775 3697 816 3740 an
845 3672 1049 3739 Froehnerus
1081 3670 1115 3736 in
1142 3670 1311 3758 scripturis

260 3815 373 3860 manus
396 3791 515 3858 codicis
536 3791 658 3858 Datsni
681 3791 823 3878 primae,
854 3811 939 3878 quae
967 3788 1154 3878 saepissime
1175 3786 1310 3855 adrasus

260 3919 318 3974 aut
338 3908 541 3976 oblitteratas
562 3919 619 3974 sut
640 3906 701 3974 alio
723 3907 819 3975 modo
841 3906 1033 3974 obscuratae
1054 3915 1139 3990 sunt,
1165 3901 1310 3991 legendis
