2920 4492
269 373 303 425 68
544 369 598 424 1111
632 371 878 426 Desmontem
896 369 1050 424 cervum

270 537 326 625 qui
346 537 457 620 locus,
491 557 688 626 quemquem
710 561 775 606 non
795 539 899 605 solum
921 539 962 604 de
987 537 1102 604 ocutis
1124 559 1210 604 suno
1237 538 1318 624 legi·

269 655 347 722 timo
368 655 425 720 sed
447 654 544 720 etism
572 654 614 720 de
644 655 765 724 biennii
794 655 964 722 interuallo
986 655 1070 720 inter
1090 656 1318 741 magistratum

269 771 403 836 olterum
424 781 553 859 gestum
579 783 612 839 et
626 773 764 838 alterum
778 771 957 860 gerendum
978 793 996 836 e
1012 771 1141 857 legibus
1156 773 1317 839 seruando

270 887 413 974 intellegi
428 889 536 976 possit,
550 887 652 954 nihilo
668 889 773 954 minus
788 888 980 955 sententiam
995 898 1141 954 nostrum
1156 909 1318 955 commen·

267 1003 332 1086 dst,
357 1003 397 1070 cf.
414 1003 553 1070 Beckeri
569 1005 668 1095 antiq.
685 1005 780 1071 Rom.
797 1029 814 1071 ιι
830 1006 911 1070 223.
955 1013 1124 1093 praetcrea
1145 1005 1186 1070 de
1208 1005 1317 1071 Publii

268 1117 375 1187 Clodii
397 1130 504 1187 setste
525 1123 566 1188 sd
580 1121 668 1188 locos
690 1122 813 1210 aliquot
828 1121 1063 1210 respiciendum
1086 1134 1135 1188 cst
1149 1123 1182 1188 in
1198 1123 1317 1211 quibus

269 1235 310 1303 de
334 1239 403 1304 cius
429 1238 470 1303 sd
495 1239 621 1327 plebem
648 1239 849 1304 traductione
871 1259 975 1304 sermo
998 1248 1056 1304 est.
1100 1261 1179 1327 prse
1201 1240 1317 1305 ceteris

269 1352 369 1440 digno
398 1364 474 1420 sunt
500 1375 585 1442 quse
614 1354 821 1422 excribsntur
843 1355 944 1421 uerbo
971 1354 1137 1422 Ciceronis
1157 1355 1198 1421 de
1219 1355 1317 1422 domo

270 1470 309 1535 13
322 1470 363 1534 34
384 1471 463 1557 quid
484 1484 529 1536 est
548 1471 652 1536 horum
674 1473 786 1536 sitista
799 1473 960 1556 adoptione
972 1472 1170 1558 qsueuirsm?
1189 1471 1320 1558 adoptat

266 1609 367 1652 anuos
388 1589 503 1674 uiqrists'
519 1599 624 1668 ιιαιιιι,
662 1588 753 1653 mom
774 1589 876 1653 minor
902 1601 1078 1653 secatmm.
1118 1589 1318 1654 liberonsrnsts

267 1707 410 1768 causon?
449 1713 482 1768 ut
498 1723 663 1788 procreare
679 1715 785 1790 potest.
828 1705 918 1770 lohet
936 1727 1074 1784 retorem,
1103 1707 1257 1790 suscipiet
1277 1729 1318 1771 erc

267 1845 303 1884 eu
334 1821 449 1886 isdem
478 1871 485 1886 .
517 1869 524 1886 .
553 1869 561 1884 .
591 1821 632 1886 35
674 1823 721 1887 ito
754 1823 941 1908 perturbatis
970 1821 1073 1887 sacris
1103 1823 1318 1888 contaminato}

263 1937 408 2026 questibus
423 1951 450 2002 ct
470 1961 562 2025 quum
576 1941 735 2003 deseruisti
746 1951 773 2002 et
786 1961 877 2024 quom
891 1940 1035 2024 pom,
1056 1940 1128 2004 iure
1144 1940 1315 2018 Quintium

266 2053 401 2138 lsqusieso
431 2053 594 2119 melorum
621 2065 650 2120 et
678 2053 873 2119 lsrsds'tutrsm
905 2055 1046 2120 derelicto
1059 2054 1173 2140 factus
1194 2078 1227 2120 ss
1248 2057 1316 2120 sius

261 2172 349 2254 filsiss
381 2183 486 2236 contro
510 2171 573 2256 fos
601 2176 687 2235 uduo
707 2195 767 2257 per
797 2181 925 2236 oetatem
955 2185 1045 2257 poter
1080 2193 1147 2236 esse
1176 2172 1315 2256 potuisti.

268 2288 307 2350 14
328 2287 370 2352 36
395 2287 463 2352 ἀίω
490 2286 579 2372 aprsd
597 2286 764 2373 pontifices
784 2311 795 2352 .·
815 2311 891 2376 rocyo
919 2291 1006 2352 istum
1028 2291 1218 2374 odoptsoosm
1239 2313 1315 2374 poss-

264 2403 363 2490 trjtics'o
383 2409 447 2468 iure
469 2425 534 2469 osse
546 2403 677 2489 suetam,
701 2406 783 2491 qood
802 2427 856 2468 eus
876 2415 999 2469 uacuos
1020 2407 1082 2469 sint
1101 2415 1213 2470 ostatu
1232 2408 1314 2472 uc

263 2521 323 2608 qui
339 2531 366 2584 te
386 2523 543 2606 adoptauit
563 2523 613 2586 uel
629 2520 694 2606 filis·
715 2521 774 2586 tibi
789 2523 851 2586 loco
868 2543 926 2606 per
947 2533 1074 2585 oetatem
1097 2544 1162 2588 esse
1181 2528 1315 2607 pomoni

264 2639 317 2703 uel
346 2659 380 2702 eo
411 2659 468 2724 quo
487 2637 551 2720 suit
571 2685 578 2701 .
601 2685 609 2701 .
632 2687 639 2702 .
661 2636 701 2702 37
734 2659 812 2723 quoe
841 2637 940 2702 mutor
960 2638 1121 2704 calumnia
1149 2651 1195 2704 est
1220 2661 1313 2726 quum

264 2756 370 2820 uenire
391 2754 545 2819 inberbem
573 2755 821 2818 adolescentulum
844 2753 919 2818 benc
939 2755 1086 2820 uclerstcm
1107 2777 1145 2820 oc
1166 2757 1313 2822 manus·

263 2873 360 2936 ἄοινα
381 2871 491 2957 filium
524 2883 688 2936 secutorem
722 2873 827 2956 populi
855 2869 988 2936 Romani
1016 2872 1075 2937 sibi
1103 2873 1184 2938 celis
1215 2875 1313 2960 odop-

263 3001 330 3052 tore
352 3037 359 3052 .
383 3035 391 3052 .
414 3037 421 3053 .
465 2987 583 3075 quibus
605 3009 646 3052 ex
668 2987 746 3054 locis
768 2988 947 3053 uouendum
969 2998 1018 3054 est
1039 3010 1081 3054 ne
1101 2989 1138 3054 P.
1161 2989 1313 3056 Clodium

263 3104 417 3169 maiorem
433 3125 528 3190 quarn
542 3103 713 3169 statuimus
735 3113 813 3168 natu
828 3104 926 3170 fuisse
938 3104 1178 3172 concludemus.
1200 3128 1313 3172 socun-

263 3218 339 3284 dum
370 3221 631 3306 conputationem
655 3231 798 3286 nostram
824 3217 958 3287 Clodius
981 3243 1052 3287 com
1078 3222 1164 3289 intre
1188 3223 1313 3312 priores

263 3336 338 3402 enni
359 3337 477 3414 eccles
490 3317 651 3403 menses's
666 3337 702 3402 P.
717 3337 852 3402 Fonteio
868 3337 1079 3426 adoptaretur
1092 3339 1225 3427 triginta
1246 3351 1313 3406 tros

263 3463 456 3541 quattuorue
479 3475 581 3519 eunus
609 3461 704 3519 notus
724 3452 916 3536 Fonteium,
949 3477 1046 3542 quem
1074 3477 1116 3520 ex
1146 3455 1314 3524 Ciceronis

263 3568 369 3634 uerbis
395 3567 558 3655 conligere
586 3568 661 3635 licet
689 3579 758 3635 tum
783 3568 1009 3657 duodeuiginti
1030 3594 1131 3637 annos
1152 3572 1312 3654 habuisse,

262 3686 354 3752 souis
385 3685 524 3750 sedecim
550 3686 604 3751 uel
634 3685 821 3774 quindecim
843 3685 1024 3754 antecessit.
1076 3689 1164 3775 quod
1195 3691 1312 3756 setstis

263 3802 435 3868 discsirnen
451 3804 530 3868 sotis
550 3825 704 3890 magnum
719 3814 790 3870 eret
806 3825 869 3892 quo
884 3803 1001 3871 Cicero
1023 3805 1159 3893 quecuis
1180 3805 1221 3871 sd
1237 3803 1311 3873 Clo

263 3919 351 3988 dium
373 3921 553 4008 spectantis
573 3921 795 3987 incredibilem
825 3922 857 3986 in
884 3921 1015 3987 modum
1047 3944 1250 4010 exaggerare
1278 3934 1314 3989 ct
