2950 4480
1004 313 1170 383 xxm

13 561 15 572 ν
135 523 251 590 nensis
272 521 442 600 leotionee,
465 520 506 588 de
528 518 648 604 quibua
667 540 769 605 supra
790 539 820 604 p.
836 517 907 586 XX
921 519 1001 598 dixi,
1023 539 1172 606 magnes-

13 703 15 740 !
136 661 234 728 saepe
262 640 476 707 difficultates
503 646 658 718 mouent,
688 638 794 706 uoluti
815 659 892 705 eum
914 639 1168 722 dieesptsndnrn

136 769 189 828 est
214 767 293 826 ntra
320 759 419 826 leotio
448 761 484 824 in
513 765 671 827 oontextr
698 758 812 835 fuerit,
836 769 913 824 utra
933 757 1171 842 superscripta..

13 947 14 952 ,
138 886 285 947 setarum
306 881 341 946 in
364 878 518 963 exemplo
539 877 718 945 ueronenei
739 877 935 962 refingendo
951 877 1071 942 oodioie
1086 898 1171 944 sen-

139 998 366 1084 germanensis
394 995 587 1062 anotoritate
615 997 762 1062 maxine
789 995 1020 1073 sublenemur,
1042 995 1174 1080 qnippe.

13 1185 14 1198 ¹
139 1116 196 1200 qui
210 1123 300 1181 reeta
314 1115 371 1182 nia
384 1135 426 1181 ex
441 1116 618 1182 neronensi
633 1113 752 1182 duetus
767 1123 801 1182 et
817 1135 838 1181 a
852 1116 989 1182 librario
1009 1115 1174 1198 prudenti'

140 1253 180 1301 ao
206 1233 358 1319 diligenti
384 1234 527 1317 seriptus
553 1242 684 1319 praeter
711 1241 838 1302 eeteros
869 1234 1092 1301 oonsulendus
1120 1235 1178 1301 sit.

141 1353 260 1435 eoique
280 1354 317 1418 in
338 1351 437 1420 rebus
460 1353 580 1434 dubiis,
602 1361 739 1438 utpote
761 1353 815 1420 oni
837 1353 906 1419 fere
925 1353 1048 1436 ubique
1063 1352 1174 1437 sorip»
1273 1334 1289 1360 '

141 1481 236 1539 turae
264 1470 425 1538 librorum
453 1473 597 1539 aliorum
623 1473 862 1558 suffragentur,
889 1473 1036 1538 maxime
1063 1473 1172 1538 oonfi-·

140 1592 288 1658 dendum
310 1593 363 1658 sit

244 1709 362 1777 Restat
382 1718 422 1776 ut
443 1731 512 1776 non
529 1710 626 1776 nulla
640 1731 725 1792 queo
740 1731 807 1774 non
822 1709 903 1776 dum
918 1710 1168 1776 commemorari

139 1837 321 1914 potuerant
342 1829 383 1894 de
404 1829 559 1894 editionis
580 1849 674 1894 meae
694 1829 822 1894 ratione
846 1849 945 1911 qnam
968 1828 1165 1894 breuissime

139 1961 254 2032 potero
281 1947 430 2014 edioiam.
475 1955 514 2014 ut
541 1947 678 2014 lectores
706 1955 740 2012 et
767 1949 804 2012 in
834 1957 991 2014 contextu
1021 1969 1061 2014 ea
1082 1967 1169 2031 quae

140 2068 365 2132 consentiente
387 2074 446 2133 sut
464 2066 679 2133 dissentiente
692 2067 778 2133 libro
792 2068 968 2133 neronenei
982 2066 1070 2133 edite
1085 2074 1166 2134 sunt

140 2201 177 2252 et
199 2188 234 2250 in
255 2184 467 2252 adnotatione
489 2185 647 2251 leotiones
669 2206 869 2251 neronenses
892 2207 991 2268 quam
1007 2186 1167 2252 laoillime

142 2304 392 2388 certissimeque
412 2313 648 2388 eognosoerent
669 2325 754 2369 neue
777 2304 945 2370 adnotatio
966 2303 1165 2370 leotionibus

140 2422 320 2490 inutilibus
352 2429 560 2502 oneraretur,
596 2423 743 2508 primum
776 2425 812 2488 in
850 2429 1007 2488 oontextu
1043 2422 1167 2490 litteris

141 2541 286 2626 obliquis
313 2562 396 2627 ques
422 2545 575 2608 eureieoe
605 2563 763 2608 nooamus
791 2549 921 2626 praeter
954 2543 1055 2608 fidem
1086 2541 1166 2609 libri

140 2662 337 2730 uoronensis
366 2663 491 2747 scripte
518 2661 726 2746 signifieaui‚
756 2660 875 2728 deinde
902 2660 1060 2729 leotiones
1088 2662 1167 2728 libri

140 2781 336 2849 nerononsis
368 2780 411 2847 ab
444 2779 656 2847 adnotatione
689 2781 806 2849 oritioa
837 2781 966 2866 reliqua
999 2789 1167 2866 separatas

141 2901 314 2968 oontextoi
343 2899 483 2976 subieci,
517 2907 590 2966 tum
623 2900 774 2967 leotionis
806 2901 918 2971 uariae
945 2909 1040 2985 perte
1067 2902 1168 2986 longe

141 3019 292 3086 maxima
312 3019 347 3083 in
369 3017 585 3101 adpendioem
606 3019 728 3086 reieota
749 3021 929 3104 scripturas
948 3019 1097 3086 oodioum
1111 3019 1168 3086 uel

141 3145 334 3205 nostrornm
354 3137 410 3204 uel
433 3138 576 3205 eliorum
598 3139 748 3223 singulas
769 3158 851 3222 quas
865 3146 997 3223 praeter
1011 3138 1167 3205 leotionoe

142 3277 344 3326 uerenensee
365 3258 622 3325 oommemoraoi
634 3297 674 3306 -
686 3266 766 3325 sunt
788 3280 867 3325 uero
889 3259 1071 3325 maximnm
1090 3281 1166 3343 por·

141 3385 209 3444 tam
232 3396 315 3461 quae
330 3377 472 3444 dieimus
487 3378 703 3461 interpolatae
714 3416 756 3426 —
772 3398 841 3444 una
854 3387 935 3444 nota
950 3381 967 3466 β
983 3378 1165 3463 designaui,

143 3495 286 3579 denique
312 3505 351 3562 ut
377 3497 580 3582 ‘complures
609 3505 667 3565 sut
694 3497 817 3564 multas
840 3497 1014 3563 editiones’
1037 3504 1167 3584 praeter

142 3615 444 3694 laohmennienam,
468 3616 664 3701 plerumque
681 3616 940 3682 laohmsnniena
954 3618 1167 3702 antiquiores,

141 3733 368 3819 significarem
395 3743 474 3801 nota
496 3761 521 3800 o
543 3757 623 3802 neus
653 3757 737 3802 eum.
792 3735 891 3802 rebus
924 3737 971 3803 sio
1002 3737 1167 3804 institutis

142 3853 357 3938 repetitiones
379 3852 513 3937 quidem
534 3876 600 3920 non
623 3854 736 3922 nullae
758 3856 878 3922 enitari
899 3876 966 3923 non
979 3863 1166 3941 potnerunt,

948 3977 963 4011 θ
