2954 4492
261 339 310 388 1⁶4
538 339 575 390 Vl
608 339 657 392 DE
674 339 855 428 ΔΗΟῌῘΒῪΒ
873 339 1027 394 cervum

260 503 368 570 sertim
398 527 470 571 oum
496 506 529 570 in
558 506 635 594 ipsis
661 507 852 574 Catulliauis
878 509 1041 576 codicibus
1062 507 1208 576 confusio
1230 531 1302 596 pro·

260 621 423 688 nominum
455 627 558 690 maes·
585 635 618 690 ot
644 627 741 691 narni
770 633 802 690 et
831 627 1062 693 uocabulorum
1090 637 1302 712 cognatorum

259 738 300 804 ad
328 741 459 806 modum
486 741 638 828 frequens
666 742 717 806 sit.
761 764 826 828 qua
853 741 894 807 de
922 765 959 808 re
979 743 1147 827 conparari
1168 751 1304 830 possunt

260 855 293 920 hi
322 856 385 921 loci
413 881 421 920 ι
453 875 531 922 nxvr
554 857 593 922 87
624 880 682 945 pro
710 870 829 923 nostrae
859 859 892 924 in
921 858 1085 924 codicibus
1114 861 1243 926 Datano
1271 868 1304 925 ct

260 970 298 1038 L.
330 971 475 1040 Santonii
505 985 627 1040 nostras
658 983 846 1059 exaratum,
881 991 936 1042 uxr
966 975 1028 1041 209
1055 999 1114 1063 pro
1145 978 1245 1042 aortri
1268 974 1302 1042 in

261 1089 380 1156 eisdem
402 1089 491 1157 libris
505 1093 608 1157 naabi
624 1100 657 1157 et
671 1115 783 1157 xnxn
798 1094 820 1156 4
834 1115 892 1180 pro
907 1105 1013 1158 nostra
1033 1107 1135 1159 usam
1149 1092 1303 1188 scriptum

260 1217 328 1290 est,
355 1227 443 1273 van
471 1209 510 1273 19
537 1231 596 1296 pro
618 1209 708 1274 noba
728 1210 813 1274 nobe
835 1219 971 1298 uterquc
994 1210 1144 1276 habetet
1168 1229 1258 1276 van
1272 1189 1302 1274 ἱ’1

257 1325 423 1408 Datanus,
444 1325 527 1392 idern
552 1346 641 1392 ann
663 1326 725 1392 338
746 1351 805 1414 pro
827 1331 916 1393 uobis
937 1328 1073 1414 praebet
1093 1327 1193 1410 noba,
1226 1326 1301 1392 item

258 1461 360 1508 vanr
390 1443 447 1508 151
476 1455 606 1508 noenum
630 1465 689 1530 pro
719 1457 852 1509 uacuum
880 1444 977 1510 habet
1010 1453 1043 1510 et
1070 1464 1251 1510 Lxxxxvnn
1281 1445 1301 1510 9

255 1571 358 1624 uestro
388 1581 447 1646 pro
475 1572 598 1643 nosne,
631 1559 723 1626 sicuti
755 1561 786 1626 in
816 1561 983 1628 Laurentii
1014 1559 1161 1628 Santonii
1193 1560 1302 1626 codice

255 1695 333 1741 Lvnr
365 1679 380 1740 1
416 1701 474 1764 pro
506 1690 610 1742 noane
640 1677 761 1765 legitur
792 1691 901 1744 matra.
951 1691 1136 1766 praeterea,
1169 1687 1206 1744 ut
1237 1679 1301 1745 alia

256 1791 417 1877 omittam,
450 1793 600 1860 Datanus
627 1814 705 1860 nxvi
729 1795 769 1859 79
790 1817 843 1860 nos
872 1795 905 1858 in
926 1818 989 1860 noc
1010 1813 1066 1860 uxi
1090 1795 1150 1858 104
1170 1795 1248 1858 uolet
1268 1794 1301 1858 in

256 1909 343 1992 nola,
367 1909 457 1975 ouius
472 1911 542 1975 loco
558 1911 595 1975 L.
612 1908 758 1976 Santonii
772 1911 876 1975 codex
896 1911 987 1976 nollet
1003 1912 1107 1994 offert,
1129 1909 1302 1977 Lxxxxv2

255 2049 365 2091 nonam
386 2024 419 2090 in
439 2051 552 2092 nouom
574 2039 606 2092 et
629 2027 711 2093 liber
726 2025 871 2094 Santenii
893 2048 992 2094 vam
1015 2029 1053 2093 81
1076 2033 1146 2094 noai
1164 2030 1197 2092 in
1218 2029 1302 2094 acni't

257 2143 333 2226 (fuit
363 2141 447 2207 enim
476 2144 509 2207 in
541 2143 717 2231 archetypo
748 2145 851 2228 nocet)
887 2145 1034 2210 mutauit
1088 2145 1199 2234 itaque
1230 2153 1301 2210 tota

255 2281 317 2342 res,
342 2269 378 2324 ut
399 2257 505 2345 quiuis
526 2259 624 2343 uidet,
646 2282 712 2326 non
733 2269 798 2326 tarn
820 2260 965 2326 codicum
988 2263 1179 2328 auctoritato
1201 2283 1298 2350 quam

255 2375 373 2441 iudicio
396 2377 465 2442 solo
487 2376 591 2442 dirimi
613 2385 729 2461 potest.

336 2491 372 2560 Si
393 2507 504 2576 maan,
526 2503 562 2559 ut
576 2516 636 2582 par
657 2503 715 2576 est,
738 2494 929 2576 restituitur,
951 2515 1080 2559 carmen
1095 2516 1172 2560 xxvi
1188 2493 1298 2560 neseio

253 2635 294 2678 on
318 2610 364 2676 ite
386 2621 490 2676 ortum
512 2612 553 2677 sit
572 2621 617 2695 ut,
652 2635 723 2677 cum
745 2612 855 2677 uillam
879 2633 970 2676 suam
992 2611 1032 2676 ad
1055 2611 1221 2676 fauonium
1242 2633 1299 2677 seu

253 2728 399 2816 quemuis
431 2730 528 2794 alium
556 2729 670 2794 leniter
697 2729 829 2794 flantem
857 2738 989 2795 uentum
1017 2728 1198 2816 oppositam
1228 2749 1298 2794 esse

252 2845 370 2911 Furius
389 2846 523 2933 gloriari
546 2846 672 2928 soleret,
696 2844 854 2930 Catullus,
879 2844 964 2911 illius
987 2845 1140 2932 egestatis
1161 2855 1298 2912 uexator

252 2963 440 3047 indefessus,
461 2963 534 3029 lusu
556 2964 611 3030 illo
634 2963 806 3030 uerborum
828 2963 943 3028 acerbe
960 2985 1037 3028 usus
1063 2962 1193 3030 diuitias
1218 2985 1297 3051 quas

252 3079 305 3146 ille
337 3081 457 3148 habere
489 3081 663 3147 simulabat
691 3080 882 3146 nouissimos
905 3103 975 3147 esse
997 3079 1115 3146 docuit
1158 3103 1223 3168 qua
1244 3103 1297 3146 cx·

252 3198 425 3286 plicatione
446 3197 626 3286 adprobata
647 3221 712 3264 non
735 3197 909 3282 erraueris,
941 3199 968 3262 si
990 3197 1147 3264 uocabulo
1168 3199 1298 3264 stillulae

252 3314 374 3404 aliquid
388 3316 637 3403 contemptionis
652 3317 757 3382 inesse
774 3316 915 3404 putabis,
925 3337 1031 3404 neque
1046 3317 1078 3381 in
1096 3337 1133 3380 eo
1146 3316 1233 3403 quod
1244 3315 1296 3381 uel

252 3435 411 3498 summula
419 3455 522 3521 parua
534 3432 593 3500 HS
605 3455 650 3498 xv
660 3433 780 3498 milium
793 3443 826 3498 et
838 3451 881 3499 oo
893 3454 1097 3499 nummorum
1110 3433 1222 3498 uillula
1234 3434 1297 3498 ista

251 3549 346 3614 ualde
369 3550 574 3632 onerabatur,
597 3551 731 3616 multum
755 3550 830 3615 salis
849 3548 1051 3614 reconditum
1065 3571 1136 3614 csse
1150 3550 1294 3636 negabis.

252 3689 359 3755 neque
380 3667 474 3732 lectio
489 3680 594 3732 metro
608 3677 799 3754 argumento
822 3689 886 3755 quo
901 3667 1129 3732 Hotomannus
1148 3689 1225 3732 usus
1246 3677 1297 3732 est

252 3784 356 3849 refelli
370 3793 487 3871 potest.
515 3784 649 3871 negauit
665 3785 750 3850 enim
765 3807 808 3850 ex
822 3807 882 3848 usu
898 3783 1055 3850 sermonis
1071 3782 1184 3850 Latini.
1194 3797 1296 3850 noster

251 3923 310 3990 pro
331 3913 401 3966 taus
423 3901 486 3967 dici
507 3923 602 3989 posse
622 3927 630 3968 ε
654 3924 751 3989 quam
772 3923 840 3968 rom
863 3901 923 3968 etsi
945 3899 1129 3970 adcuratius
1146 3902 1295 3989 persequi
