3002 4490
394 314 445 367 ΧΠ
480 313 529 366 ΒΕ
545 313 652 368 cuma
670 311 871 368 HOR'I'ENSIO
888 310 1043 366 rsuvmo
1193 316 1243 368 idi

197 479 296 547 ficare
316 481 437 562 noluit,
459 479 688 563 Hortensium,
717 481 826 546 uirum
844 479 1071 568 grauissimum
1092 490 1124 545 et
1145 478 1245 546 maxi·

197 619 270 662 mac
297 596 516 679 auctoritatis,
550 619 688 684 quocum
718 598 850 684 insuper
877 594 1110 662 consuetudine
1141 594 1247 682 aliqua

197 715 478 801 coniungebatur,
506 715 613 800 palam
646 711 875 800 uituperasse'l
917 712 1034 779 deinde
1061 735 1133 778 eum
1163 711 1247 777 Hor·

198 831 323 900 tensius
344 830 539 896 carminibus
560 828 781 917 conponendis
803 830 862 896 nisi
884 829 971 895 horis
993 829 1164 896 subsiciuis
1179 851 1244 894 non

198 957 330 1013 uacaret
350 967 454 1035 neque
476 947 636 1030 earmina,
666 957 702 1014 ut
725 969 767 1011 ex
797 947 842 1012 eis
872 967 956 1033 quae
982 967 1080 1034 supra
1106 945 1245 1014 diximus

198 1063 402 1131 manifestum
443 1074 514 1146 est,
559 1064 689 1130 maioris
731 1061 892 1144 ambitus,
935 1060 992 1127 sed
1034 1083 1137 1149 parua
1178 1073 1244 1128 tan·

198 1191 267 1248 tum
304 1180 471 1246 uersiculis
503 1179 613 1268 paucis
653 1190 811 1268 concepta
857 1179 1048 1267 plerumque
1088 1181 1245 1245 amatoria

198 1297 371 1380 scriberet,
404 1319 469 1384 qua
495 1295 619 1364 ratione
650 1295 690 1363 de
717 1297 905 1384 quingentis
933 1296 1063 1364 milibus
1092 1317 1243 1364 uersuum

196 1415 239 1482 ab
268 1413 445 1480 Hortensio
479 1413 565 1479 intra
600 1423 722 1480 certum
757 1413 919 1502 quoddam
955 1413 1056 1478 breue
1090 1413 1244 1499 temporis

196 1531 335 1619 spatium
365 1531 558 1619 scriptorum
581 1527 728 1597 Catullus
755 1528 844 1617 loqui
871 1528 1010 1616 posset?
1052 1537 1166 1594 eontm
1193 1551 1243 1594 ea

196 1646 269 1714 dem
301 1647 342 1712 de
370 1645 504 1714 Tanusii
535 1645 724 1735 ponderosis
752 1645 921 1712 annalibus
951 1646 1070 1734 optime
1099 1646 1162 1712 dici
1189 1667 1243 1733 po·

196 1772 342 1846 tuerent,
372 1763 572 1851 adquorum
594 1761 849 1850 magnitudinem
875 1761 913 1835 ¹in
941 1783 1037 1828 uersu
1058 1761 1078 1828 8
1106 1761 1243 1828 uerbum

195 1880 290 1945 lucas
303 1888 337 1946 ct
357 1878 391 1944 in
413 1899 443 1943 u
461 1880 500 1945 10
521 1879 656 1944 uerbum
677 1881 787 1944 umido
801 1887 957 1966 spectant
999 1879 1071 1945 ideo
1094 1901 1153 1946 nos
1174 1880 1243 1965 qui·

195 1995 278 2080 dem,
301 2017 499 2085 quamquam
513 1995 613 2062 lihcre
627 1993 817 2084 profitemur
834 1996 959 2062 nescire
973 2017 1038 2083 quc
1053 1994 1149 2062 modo
1165 1995 1243 2062 illud

195 2111 382 2178 Hanusss‘as
409 2111 645 2178 emendandum
673 2111 728 2194 sit,
760 2111 892 2179 minime
919 2120 1030 2178 tamen
1058 2112 1243 2179 dubitamus

195 2227 273 2318 quin
295 2228 489 2316 uituperatio
511 2251 531 2294 a
551 2225 679 2295 Catullo
699 2227 733 2294 in
755 2227 892 2296 disticho
913 2227 1015 2295 altero
1035 2231 1244 2315 pronuntiata

195 2345 229 2411 in
250 2345 429 2412 Tanusium
451 2345 538 2412 dicta
564 2347 616 2429 sit,
667 2345 755 2434 quod
788 2345 816 2412 si
844 2344 1030 2427 statuimus,
1062 2344 1242 2433 conpositio

196 2459 347 2528 carminis
367 2463 507 2530 maxime
528 2464 625 2551 plana
644 2471 679 2528 et
698 2463 858 2529 concinna
872 2473 921 2528 est
940 2483 1046 2551 neque
1067 2463 1241 2551 quicquam

194 2599 303 2644 rerum
334 2579 450 2646 obstat
492 2579 622 2646 alternis
650 2580 736 2648 enim
765 2578 907 2646 distichis
941 2576 1087 2646 Oatnllus
1116 2577 1241 2646 Cinnae

194 2694 305 2762 landes
341 2703 374 2762 et
408 2695 534 2762 Volusii
575 2695 828 2784 uituperationes
869 2694 1018 2784 exposuit
1058 2717 1160 2784 usqne
1199 2697 1241 2762 ad

193 2811 365 2878 distichum
390 2813 556 2900 quintum,
578 2833 643 2901 quo
671 2822 768 2900 poeta
797 2811 863 2878 nim
891 2814 991 2878 totius
1020 2813 1170 2880 caminis
1194 2813 1241 2880 its

193 2927 370 3017 conplexus
391 2939 442 2994 est
461 2938 498 2995 ut
518 2929 552 2994 in
572 2928 759 2996 hexametro
774 2951 868 2996 suum
886 2927 1011 2997 Cinnae
1032 2951 1185 3011 amorem,
1207 2940 1241 2996 at

194 3055 412 3133 contemptum
426 3045 552 3112 Volusii
570 3069 663 3112 suurn
684 3048 717 3113 in
737 3055 939 3135 pentametro
961 3047 1113 3134 aperiret.
1156 3068 1240 3134 quae

193 3184 266 3230 cum
295 3163 341 3228 ita
370 3164 435 3230 sint
445 3211 455 3247 ,
492 3185 534 3229 ex
565 3163 706 3230 carmine
737 3183 877 3230 nxxxxv
909 3161 1044 3250 adparet
1076 3162 1238 3229 Catullum

192 3277 370 3367 Zmyrnam
390 3278 515 3348 Cinnae
536 3279 666 3368 plurimi
688 3281 874 3347 aestimasse
895 3290 929 3347 et
949 3279 1075 3346 Volusii
1098 3279 1238 3365 annales,

192 3395 224 3461 id
247 3395 335 3484 quod
356 3418 398 3462 ex
419 3395 561 3462 carmine
581 3419 683 3462 xxxvi
706 3417 837 3485 quoque
851 3396 1054 3463 manifestum
1070 3407 1128 3480 est,
1149 3396 1240 3462 nihili

191 3510 342 3578 habuisse
362 3534 369 3576 :
392 3511 560 3579 contrade
574 3513 759 3597 Hortensio,
778 3513 869 3580 cuim
883 3535 1000 3580 nomen
1021 3514 1129 3578 nescio
1151 3513 1239 3602 quali

191 3637 224 3693 et
245 3627 335 3693 cuins
357 3649 464 3696 errore
485 3629 519 3694 in
540 3651 669 3695 uersum
697 3631 828 3698 tertium
851 3629 1047 3696 inculcatum
1069 3631 1127 3712 sit,
1159 3630 1238 3696 nihil

190 3744 265 3810 inde
293 3743 413 3830 conligi
441 3767 545 3833 posse.
588 3756 732 3812 ceterum
752 3769 825 3812 cum
848 3745 977 3834 quando
1000 3744 1106 3813 Oinna
1127 3743 1238 3834 Zmyr-

190 3882 267 3928 nam
289 3868 322 3926 et
343 3861 477 3928 annales
492 3860 644 3928 Volusius
659 3860 819 3928 ediderint
836 3885 900 3929 non
915 3863 1071 3930 adcurate
1090 3863 1237 3946 sciamus,
