3002 4490
313 339 363 392 300
684 337 750 392 xm
783 339 831 392 DE
850 337 991 394 ΟΔΤΟΝΕ

313 525 419 593 noque
448 503 542 570 sliter
570 501 720 592 Souligor
749 507 836 574 iecit.
888 515 922 574 st
949 503 1095 574 Nsokius
1124 503 1166 572 sd
1194 503 1365 572 Veierinm

312 619 469 689 Catonem
492 644 524 710 p.
543 623 605 689 254
629 621 747 690 Ootulli
765 623 847 690 loeus
868 623 973 711 inquit
993 646 1053 711 quo
1073 624 1143 688 iore
1162 623 1208 689 ad
1226 635 1364 689 nom

315 737 459 806 Catonem
487 739 643 825 referatur
671 741 849 829 ambipuum
877 749 982 811 restet
1009 763 1040 828 p.
1062 738 1125 804 2⁷0
1145 737 1283 806 Gabellus
1304 757 1364 805 Lvr

310 879 393 942 quem
430 857 589 945 incolisque
622 857 766 924 cuonem
801 879 933 944 prorsus
972 863 1087 922 brorrtu
1117 878 1168 922 rer
1200 868 1254 922 est.
1307 857 1364 922 eui
1476 927 1484 936 ,

311 983 443 1040 eotenus
491 972 658 1040 adsentior
698 981 733 1040 ut
775 973 988 1042 demonstres-i
1036 993 1102 1038 non
1144 993 1241 1061 posse
1286 995 1362 1040 oon·

312 1089 426 1156 oedem
448 1091 491 1157 sd
511 1090 678 1158 Valerium
700 1089 859 1159 Ostonsnr
874 1091 1120 1180 gremmetioum
1147 1088 1362 1176 potissimum,

310 1229 376 1274 nou
405 1209 445 1274 sd
475 1207 571 1274 elium
598 1207 761 1296 quendem
793 1229 812 1273 s
842 1208 965 1275 semilis
995 1205 1156 1275 Ostonum
1188 1206 1361 1274 oriundum

310 1345 440 1390 osrmen
469 1344 524 1390 uvi
547 1323 703 1413 scriptum
730 1345 799 1391 osse
822 1349 830 1389 ι
850 1345 957 1414 nequo
987 1333 1095 1390 tumen
1121 1323 1202 1391 nibil
1230 1323 1362 1390 obstare

310 1462 374 1529 quo
396 1441 502 1507 miuus
523 1439 565 1507 ad
587 1442 834 1528 grammaticum
849 1435 1009 1508 referatur
1027 1440 1226 1528 nogeusrim,
1246 1449 1362 1507 oontre

311 1577 375 1623 non
405 1557 495 1622 nuile
523 1557 636 1624 edesse
664 1566 743 1645 puto
770 1557 888 1644 quibus
910 1557 1067 1624 sententio
1088 1554 1185 1626 Statii
1205 1567 1239 1625 ot
1259 1556 1362 1626 Sesti·

310 1675 381 1762 geri
395 1675 648 1742 commendator.
679 1697 764 1766 quoe
775 1686 970 1764 arguments
983 1675 1168 1744 sdonrstius
1183 1695 1361 1764 congerere

309 1815 348 1858 so
369 1793 543 1879 disponere
561 1815 582 1858 s
594 1813 631 1858 ro
645 1793 786 1859 alienum
800 1815 865 1860 non
881 1795 953 1859 erit,
987 1793 1014 1858 si
1029 1793 1166 1881 primum
1179 1794 1361 1881 utriusque·

307 1907 1359 1998 poetseGatonisGetulliquesets-temconpersmus‚0otoOstullo,

308 2027 335 2090 si
351 2023 448 2092 fidem
463 2025 590 2092 Neekio
609 2027 769 2110 habueris,
797 2049 861 2094 uno
877 2037 910 2093 ot
923 2027 1040 2115 uiginti
1054 2028 1147 2094 sonis
1162 2037 1240 2093 notu
1255 2029 1360 2094 maior
1483 2033 1484 2056 ¹

307 2141 369 2210 fuit
389 2168 397 2209 ε
419 2161 484 2230 qus
505 2165 541 2208 re
560 2143 708 2232 equidem
730 2145 787 2211 uix
802 2143 966 2233 inpedirer
986 2143 1064 2233 quin
1086 2165 1216 2212 osrmen
1239 2163 1296 2212 urs
1316 2145 1359 2211 od

308 2256 468 2326 Catonem
488 2260 734 2346 grammaticum
755 2260 921 2329 Catullum
943 2263 1071 2328 misisse
1091 2271 1239 2350 putorem
1249 2311 1259 2347 ,
1279 2261 1359 2328 dum
1474 2305 1483 2319 -

307 2375 422 2460 modo,
453 2375 487 2442 id
518 2377 605 2464 qood
634 2387 749 2466 poturo
779 2376 916 2462 liceret,
953 2375 1101 2446 Catullus
1133 2399 1200 2444 nou
1234 2377 1359 2446 edules·

306 2494 452 2560 osntulus
480 2495 537 2560 sod
567 2495 660 2562 runis
691 2498 779 2563 uitse
810 2495 932 2562 ultimis
963 2495 1043 2562 illud
1069 2497 1237 2584 seripsisse
1266 2505 1359 2584 puts·

307 2621 404 2678 retur.
445 2633 558 2679 uerum
579 2611 700 2681 Neekii
719 2610 865 2678 definitio
886 2611 943 2678 iilo
964 2613 1082 2678 estatis
1096 2611 1231 2680 Catonis
1251 2633 1359 2700 grem-

306 2728 414 2796 metioi
434 2730 565 2796 minime
588 2739 677 2796 osrts
697 2739 748 2796 est
767 2751 775 2793 ε
797 2751 994 2819 quamquam
1022 2738 1112 2796 recte
1140 2749 1211 2796 osse
1237 2737 1359 2817 potest,

305 2855 414 2910 umen
435 2855 523 2912 reeta
542 2846 585 2914 sit
605 2867 671 2912 non
686 2855 737 2914 ost
750 2867 890 2929 necesso,
915 2847 947 2913 id
969 2847 1057 2934 quod
1076 2844 1188 2935 paneis
1209 2845 1358 2914 demons-

305 2961 473 3030 trabimus.
514 2961 548 3030 in
572 2961 778 3037 inlustranda
791 2961 926 3031 Catonis
943 2964 1146 3051 gremmstioi
1168 2972 1275 3030 setste
1295 2985 1358 3029 noo

305 3078 383 3146 diris
409 3101 470 3146 nso
490 3077 597 3166 Lydis
624 3079 823 3147 carminibus
852 3077 949 3146 hodie
979 3099 1108 3169 quoque
1130 3077 1357 3167 superstitibus

303 3198 351 3263 uti
371 3197 448 3263 liost
458 3245 467 3280 ‚
498 3197 650 3284 quonism
685 3197 740 3262 illa
762 3196 879 3263 Getoni
900 3195 946 3262 illi
966 3195 1050 3262 feleo
1071 3195 1278 3263 ascribuntur
1299 3197 1356 3281 (of.

304 3311 481 3380 Morkslius
511 3313 552 3379 sd
573 3313 648 3380 Ibin
677 3335 710 3400 p.
731 3313 794 3379 364
822 3313 985 3401 Hsoptius
1010 3313 1043 3379 in
1075 3311 1356 3380 obseruationibus

195 3467 199 3476 ·
303 3429 422 3498 oritiois
437 3451 469 3519 p.
484 3429 524 3496 47
558 3429 786 3498 Leobmsunus
806 3429 847 3494 ed
862 3427 1049 3498 Lucretium
1063 3450 1094 3518 p.
1109 3429 1172 3497 246
1194 3431 1357 3498 Bemher-

304 3545 375 3611 dius
396 3546 429 3614 in
450 3547 511 3614 litt.
534 3547 629 3614 Rom.
651 3547 724 3612 bist.
746 3569 776 3634 p.
798 3547 875 3632 500)
898 3569 1005 3636 noque
1027 3545 1175 3616 uersibus
1196 3557 1271 3616 outo
1291 3547 1356 3615 illis

301 3662 477 3728 subditioiis
500 3663 644 3730 decimas
662 3663 755 3752 primi
776 3663 850 3730 libri
870 3675 1000 3732 ssturoe
1014 3663 1145 3732 Horetii
1163 3666 1356 3753 antepositis
1475 3679 1480 3706 *

303 3778 382 3845 fides
410 3780 520 3848 baberi
548 3791 665 3868 potest.
709 3781 875 3848 Valerium
903 3780 1078 3867 Catonem,
1109 3806 1184 3850 oum
1212 3784 1355 3874 pupillus

303 3897 492 3982 perentibus
506 3898 642 3964 mortuis
656 3899 788 3965 relictus
804 3909 900 3983 esset,
917 3899 1048 3967 licentis
1059 3897 1185 3969 Sullsni
1199 3901 1355 3990 temporis
