2950 4480
289 299 376 370 nal

292 505 1310 590 doniquelibrorumucssianorumsainteniauorumbad

293 645 391 692 carm.
413 624 531 691 LXVI
553 631 588 690 ei
608 624 781 710 LXVIII)
811 626 965 704 aliorum,
994 627 1029 692 in
1055 628 1173 710 primis
1198 649 1312 700 aarum

294 746 415 829 quibus
437 745 625 812 Achilles
647 741 805 811 Statius
827 767 907 812 usus
929 751 1036 829 est⁴²l

394 864 488 932 Haeo
515 864 617 930 habui
645 885 729 948 quae
756 864 797 930 de
823 864 988 932 codicibus
1015 887 1035 931 a
1062 887 1116 932 me
1145 865 1313 950 usurpatis

293 985 445 1054 dicerem.
478 1006 498 1052 e
519 984 639 1068 quibus
661 983 741 1068 quid
763 983 806 1050 da
819 984 1125 1068 antiquissimorum
1140 985 1229 1051 unde
1247 985 1313 1068 ipsi

294 1106 436 1174 deriuari
468 1111 548 1172 sunt
580 1103 741 1170 librorum
773 1105 972 1187 proprietate
1005 1105 1077 1170 crui
1108 1105 1214 1188 possit
1245 1105 1313 1172 iam

293 1224 474 1294 uidendum
495 1232 553 1290 esi
598 1231 633 1290 ot
652 1225 799 1308 primum
828 1222 961 1306 quidem
994 1244 1099 1306 pauca
1128 1224 1174 1290 de
1203 1223 1314 1290 libro

294 1345 510 1414 ucionensi
524 1344 585 1428 (V)
601 1343 716 1408 dicam.
733 1342 882 1407 -Libri
899 1343 1071 1408 catulliani
1087 1344 1184 1412 bodie
1198 1365 1314 1428 super·

295 1465 390 1532 alitae
412 1485 497 1540 cum,
520 1453 721 1546 quamquain
743 1461 800 1528 alii
822 1461 897 1528 aliis
912 1463 1073 1530 simillimi
1092 1470 1179 1538 sunt,
1201 1471 1315 1531 lamen

295 1605 339 1654 cx
358 1605 426 1650 uno
447 1582 527 1648 libri
551 1580 792 1666 Vapograpbo
815 1588 853 1646 ut
867 1601 969 1664 supra
983 1580 1063 1659 dixi,
1086 1581 1227 1651 deriuati
1242 1602 1316 1651 case

296 1725 364 1770 non
384 1702 528 1786 possint,
552 1699 610 1766 sed
632 1721 673 1766 ex
696 1701 910 1785 conpluribus
932 1681 1130 1786 apographis
1152 1703 1315 1785 originem

296 1823 476 1900 traxerint,
504 1821 737 1907 conligendum
764 1829 815 1887 esi
841 1822 1039 1905 scripturam
1068 1811 1187 1888 codicis
1210 1821 1256 1898 V,
1284 1823 1316 1889 ei

296 1964 364 2008 non
386 1941 483 2006 facilc
508 1979 547 1987 —
577 1939 764 2012 salebrosas
787 1941 978 2008 nominatur
999 1939 1102 2006 codex
1123 1941 1316 2012 uorouensis

299 2082 319 2128 a
352 2059 461 2126 scriba
496 2059 574 2126 libri
610 2061 897 2144 sangermanensis
932 2097 996 2137 -,
1032 2067 1068 2126 ab
1102 2068 1213 2129 tamen
1249 2079 1316 2126 non

298 2179 496 2246 difficillime
518 2179 586 2264 legi
607 2179 766 2264 poluisse:
789 2179 947 2263 alioquin,
970 2181 1000 2246 si
1023 2180 1105 2246 forte
1127 2180 1214 2246 l'cclu
1228 2178 1317 2249 diffi-

298 2300 423 2366 cillima
442 2300 569 2374 fuisset,
591 2299 746 2366 lectiones
769 2297 929 2364 librorum
950 2308 1138 2364 nostrorum
1161 2299 1219 2364 uin
1234 2297 1316 2366 adeo

299 2421 385 2486 inter
405 2440 441 2486 se
462 2420 692 2486 consentirent.
730 2430 820 2484 aetas
835 2427 946 2486 autem
962 2419 1107 2505 exerupli
1122 2419 1153 2482 V
1168 2419 1196 2484 si
1211 2419 1314 2502 respi-

298 2539 393 2618 citur,
414 2539 483 2604 iam
504 2559 604 2623 supra
625 2559 668 2604 ex
689 2535 821 2604 indiciis
842 2535 1039 2620 quibusdam
1054 2537 1315 2630 significauimus

296 2657 332 2726 id
354 2658 525 2742 aliquanto
547 2665 624 2724 anco
645 2657 813 2726 saeculum
836 2667 911 2740 post
925 2655 1098 2728 Obrimum
1119 2665 1236 2727 uatum
1257 2655 1312 2725 de·

300 2778 426 2848 einum
445 2777 593 2844 modium
615 2775 776 2860 seriptum
798 2775 912 2846 uidcri.
965 2778 1067 2855 unde,
1096 2779 1125 2844 si
1152 2779 1187 2850 in
1209 2799 1245 2849 re
1266 2777 1316 2848 iu·

299 2907 388 2966 certe
416 2895 539 2982 aliquid
567 2916 697 2962 sumere
726 2895 816 2973 licet,
844 2918 931 2964 nono
958 2895 1026 2964 fere
1048 2899 1178 2970 saeculo
1199 2899 1318 2969 litteris

300 3037 382 3106 quas
409 3023 539 3082 uocant·
558 3015 769 3092 minusculis,
803 3015 918 3098 quales
948 3025 1021 3084 tum
1050 3019 1084 3088 iu
1116 3039 1181 3090 usu
1213 3025 1316 3096 crant,

301 3138 381 3204 salis
402 3135 584 3222 perspicuis
607 3145 778 3202 exaratum
799 3157 871 3202 esso
885 3138 1075 3222 exemplum
1090 3137 1124 3203 V
1137 3157 1315 3208 sumamus.

300 3266 414 3328 onuba
424 3256 582 3343 gallicum
592 3256 781 3340 exemplum
790 3259 963 3326 coronensi
973 3257 1144 3340 aliquanto
1154 3257 1317 3329 uetustius

299 3385 335 3445 et
355 3375 534 3462 archetypo
554 3397 622 3442 non
644 3377 691 3442 ita
711 3376 819 3444 multo
841 3379 952 3446 minus
974 3384 1080 3444 aetate
1093 3377 1197 3444 fuisse
1211 3376 1317 3450 oouie‘

301 3499 411 3564 nerim.
449 3496 510 3562 hoe
524 3495 579 3561 uel
594 3494 671 3560 inde
685 3492 855 3581 probabile
870 3504 920 3561 est
935 3495 1019 3580 quod
1035 3517 1163 3562 errores
1178 3517 1198 3562 a
1212 3496 1319 3562 scriba

181 3713 184 3721 Ι
301 3617 378 3684 libri
401 3617 434 3682 V
447 3617 485 3680 in
506 3616 686 3701 archetypo
707 3616 956 3684 transcribendo
972 3617 1138 3683 commissi
1154 3617 1319 3682 erroribus

303 3857 377 3914 dinc
393 3855 447 3910 diti
463 3873 505 3926 qu.
521 3856 535 3907 l
554 3855 586 3908 12
687 3855 722 3906 42
744 3855 777 3908 cf.
793 3855 952 3912 urceurerm
969 3854 1056 3924 philol.
1072 3851 1149 3913 xlm
1166 3854 1216 3914 581
