3002 4490
421 367 473 419 ΧΠ
508 367 555 420 DE
574 367 681 421 ornus
698 364 898 420 floernnfflo
916 362 1069 419 TANVSIO
1219 367 1267 418 sel

224 548 334 602 occaso
355 538 471 617 clena,
494 532 582 623 quod
597 533 639 600 do
653 532 777 599 Volusii
791 532 958 600 annalibus
972 529 1120 598 Catullus
1134 531 1270 615 dixerut,

223 653 392 740 tetigisse,
427 652 566 740 denique
595 674 667 718 cum
697 649 849 739 temporis
881 649 962 716 ratio
988 672 1052 715 uon
1080 650 1177 715 modo
1203 669 1268 713 non

224 769 331 835 obstet
364 790 428 858 quo
466 767 571 835 nunus
603 768 780 836 Tanusium
812 767 981 858 aequalem
1018 763 1138 833 Catulli
1172 763 1269 830 fuisse

224 885 439 968 arbitremur,
472 884 529 951 sed
554 883 587 950 id
615 885 717 973 ipsum
747 907 785 950 eo
816 883 957 973 quodam
986 882 1084 948 medo
1114 882 1270 970 probetur

78 1075 85 1086 ⁸
224 1001 312 1088 qued
335 999 512 1070 Suetonius
535 1000 610 1088 (Iul.
633 1002 668 1086 9)
690 1001 868 1067 Tanusium
888 998 1073 1098 Geminum,
1096 998 1152 1088 qui
1173 999 1270 1064 etiam

224 1141 244 1184 a
272 1118 447 1185 Plutarcho
473 1119 583 1204 (Caes.
612 1119 668 1204 22)
698 1127 983 1200 commemoratur,
1012 1118 1095 1183 inter
1123 1125 1271 1182 suctores

224 1253 305 1322 quoa
326 1235 358 1300 in
380 1235 448 1302 uita
467 1234 615 1304 Caesaris
636 1234 799 1302 narranda
818 1244 947 1302 secutus
969 1233 1012 1300 sit
1031 1233 1155 1300 rettulit
1177 1232 1270 1318 (Sue

223 1353 347 1419 tonium
377 1353 461 1418 enirn
489 1353 522 1418 in
550 1351 618 1418 uita
639 1352 713 1419 Iulii
740 1361 889 1420 auctores
917 1351 1034 1417 nullos
1054 1351 1116 1416 nisi
1137 1347 1270 1418 Caesari

222 1469 375 1557 aequales
407 1479 506 1535 testes
534 1467 727 1557 produxisse
748 1469 911 1557 Hauptius
937 1490 992 1556 qu.
1021 1467 1138 1536 Catull.
1167 1490 1200 1554 p.
1228 1467 1269 1533 99

223 1584 491 1670 demonstrauit),
523 1583 656 1651 dubium
686 1607 756 1650 esse
784 1608 850 1652 non
878 1594 986 1673 potest
1015 1585 1094 1672 quin
1122 1582 1269 1652 Catullus

222 1701 305 1768 falso
326 1702 454 1768 Volusii
482 1701 611 1767 nomine
639 1701 694 1788 (cf.
717 1723 813 1790 supra
834 1724 864 1790 p.
886 1701 963 1786 233)
992 1721 1069 1766 usus
1092 1700 1269 1767 Tanusium

222 1819 437 1907 adpellauerit
456 1843 464 1886 :
485 1817 517 1886 id
540 1819 627 1907 quod
647 1829 775 1908 praeter
795 1817 1017 1912 uirosdoctos
1033 1840 1114 1908 quos
1129 1817 1269 1884 diximus

179 2025 183 2031 Ι
223 1936 319 2003 mam
356 1935 576 2002 Bernhardius
610 1937 699 2022 (hist.
735 1935 794 2003 litt
829 1934 902 2004 Lat.
937 1958 969 2023 p.
997 1934 1058 2002 531
1092 1946 1160 2002 not.
1190 1934 1268 2020 489)

223 2053 375 2140 Vngerus
410 2053 682 2141 Iungcluussenus
716 2063 803 2120 recte
844 2063 1034 2121 statuerunt.
1098 2060 1133 2118 at
1169 2047 1270 2118 restat

223 2171 368 2258 quaestio
398 2192 495 2259 quam
521 2191 628 2257 neque
660 2169 824 2258 Hauptius
853 2191 959 2260 neque
987 2167 1068 2235 alius
1097 2168 1266 2257 quisquam

222 2285 332 2352 mouit.
375 2308 433 2352 cur
461 2286 590 2353 tandem
611 2284 739 2353 Catullo
762 2285 941 2353 Tanusium
961 2283 1041 2352 lalso
1066 2284 1192 2353 Volusii
1213 2307 1268 2350 no-

221 2403 307 2470 mine
342 2403 509 2469 nominare
542 2401 695 2492 placuit?
736 2425 843 2470 nonne
875 2401 1049 2470 Caesarem
1079 2401 1266 2468 Memmium

221 2519 371 2586 Pisonem
394 2518 474 2585 ulios
496 2519 583 2587 uiros
605 2517 820 2586 nobilissimos
839 2528 873 2586 et
886 2521 1096 2606 grauissimos
1111 2517 1267 2602 Catullus,

222 2659 295 2703 cum
328 2636 535 2704 acerbissime
566 2637 600 2702 in
635 2659 691 2703 eos
722 2636 949 2720 inueheretur,
991 2636 1058 2702 suis
1090 2636 1268 2724 adpellauit

220 2751 431 2819 nominibus?
474 2776 572 2840 supra
593 2752 640 2840 (p.
662 2752 739 2835 238)
761 2752 924 2820 Catullum
952 2751 1091 2820 uidimus
1118 2752 1267 2821 Caesaris

220 2871 327 2958 gratia
354 2867 558 2948 Mamurrae,
590 2891 686 2958 quem
714 2870 803 2958 prius
831 2869 961 2937 nomine
989 2870 1058 2938 eius
1085 2895 1162 2938 uero
1191 2893 1268 2936 usus

220 2987 472 3076 perstrinxerat,
501 2997 614 3075 postea
635 2986 801 3054 Mentulae
823 3009 939 3053 nomeu
960 2987 1114 3054 indidisse
1134 2997 1171 3054 ut
1193 3009 1266 3054 eum

220 3103 361 3170 inridere
391 3125 527 3192 pergere
561 3115 679 3192 possm.
735 3105 830 3170 simili
860 3125 902 3171 ex
937 3127 1052 3173 caussa
1086 3104 1266 3192 putauerim

220 3227 352 3306 poetam
380 3219 601 3290 Veronensem
629 3219 763 3289 Tanusii
792 3243 908 3288 nomen
938 3221 1164 3288 dissimulasse.
1206 3222 1267 3290 Te·

219 3335 348 3422 nesius,
380 3346 417 3402 nt
443 3336 729 3426 conprobauimus,
752 3337 833 3405 Padi
858 3336 973 3405 adcola
994 3338 1057 3404 luit
1074 3337 1184 3426 itaque
1206 3337 1267 3406 Ca·

220 3455 291 3520 tulli
321 3455 494 3543 popularia
544 3477 608 3543 qua
638 3477 681 3522 ex
712 3478 747 3524 re
779 3454 903 3523 conicio
936 3453 1100 3522 Catullum
1131 3455 1267 3524 Tanusii

219 3593 335 3638 nomen
367 3573 525 3639 celantem
551 3570 592 3638 ad
621 3573 890 3641 necessitudinem
915 3573 1055 3662 aliquam
1077 3595 1161 3663 quae
1182 3575 1267 3642 inter

219 3673 389 3776 utriusque
420 3699 536 3777 poetae
570 3689 725 3758 familiam
755 3689 971 3758 intercesserit
1002 3700 1059 3758 aut
1090 3689 1131 3758 ad
1163 3689 1265 3757 shnile

220 3803 297 3892 quid
318 3827 392 3872 cum
411 3807 515 3893 patria
533 3814 567 3872 et
588 3805 714 3894 origine
736 3807 895 3873 communi
914 3817 1081 3898 poetarum
1097 3804 1282 3874 amborum¹

220 3942 380 3990 conexum
401 3921 589 4011 respexisse.
