<?xml version="1.0" encoding="UTF-8"?>
<!DOCTYPE html PUBLIC "-//W3C//DTD XHTML 1.0 Transitional//EN"
    "http://www.w3.org/TR/xhtml1/DTD/xhtml1-transitional.dtd">
<html xmlns="http://www.w3.org/1999/xhtml" xml:lang="en" lang="en">
 <head>
  <title>
</title>
<meta http-equiv="Content-Type" content="text/html;charset=utf-8" />
  <meta name='ocr-system' content='tesseract 3.04.00' />
  <meta name='ocr-capabilities' content='ocr_page ocr_carea ocr_par ocr_line ocrx_word'/>
</head>
<body>
  <div class='ocr_page' id='page_1' title='image "./gvalericatvllil00schwgoog_0131.png"; bbox 0 0 2954 4492; ppageno 0'>
   <div class='ocr_carea' id='block_1_1' title="bbox 279 343 1043 400">
    <p class='ocr_par' dir='ltr' id='par_1_1' title="bbox 279 343 1043 400">
     <span class='ocr_line' id='line_1_1' title="bbox 279 343 1043 400; baseline -0.005 0"><span class='ocrx_word' id='word_1_1' title='bbox 279 349 329 400; x_wconf 80' lang='grc'><strong>118</strong></span> <span class='ocrx_word' id='word_1_2' title='bbox 564 344 590 397; x_wconf 81' lang='lat' dir='ltr'>V</span> <span class='ocrx_word' id='word_1_3' title='bbox 624 345 672 397; x_wconf 78' lang='lat' dir='ltr'><strong>DE</strong></span> <span class='ocrx_word' id='word_1_4' title='bbox 690 343 870 398; x_wconf 72' lang='lat' dir='ltr'><strong>nucumve</strong></span> <span class='ocrx_word' id='word_1_5' title='bbox 888 343 1043 398; x_wconf 66' lang='lat' dir='ltr'><strong>curvum</strong></span> 
     </span>
    </p>
   </div>
   <div class='ocr_carea' id='block_1_2' title="bbox 279 491 1330 2231">
    <p class='ocr_par' dir='ltr' id='par_1_2' title="bbox 279 491 1330 2231">
     <span class='ocr_line' id='line_1_2' title="bbox 280 491 1328 601; baseline 0.002 -24"><span class='ocrx_word' id='word_1_6' title='bbox 280 511 418 578; x_wconf 89' lang='lat' dir='ltr'><strong>mediam</strong></span> <span class='ocrx_word' id='word_1_7' title='bbox 439 510 473 576; x_wconf 91' lang='lat' dir='ltr'><strong>in</strong></span> <span class='ocrx_word' id='word_1_8' title='bbox 494 531 561 576; x_wconf 86' lang='lat' dir='ltr'><strong>ram</strong></span> <span class='ocrx_word' id='word_1_9' title='bbox 583 509 741 577; x_wconf 89' lang='lat' dir='ltr'><strong>adductos</strong></span> <span class='ocrx_word' id='word_1_10' title='bbox 755 511 903 579; x_wconf 87' lang='lat' dir='ltr'><strong>aduertat</strong></span> <span class='ocrx_word' id='word_1_11' title='bbox 918 509 1021 601; x_wconf 85' lang='lat' dir='ltr'><strong>qualis</strong></span> <span class='ocrx_word' id='word_1_12' title='bbox 1042 491 1188 579; x_wconf 87' lang='lat' dir='ltr'><strong>condicio</strong></span> <span class='ocrx_word' id='word_1_13' title='bbox 1209 511 1328 579; x_wconf 85' lang='lat' dir='ltr'><strong>amoris</strong></span> 
     </span>
     <span class='ocr_line' id='line_1_3' title="bbox 282 626 1328 717; baseline 0 -21"><span class='ocrx_word' id='word_1_14' title='bbox 282 626 456 696; x_wconf 73' lang='lat' dir='ltr'><strong>Catulliani</strong></span> <span class='ocrx_word' id='word_1_15' title='bbox 481 626 515 692; x_wconf 94' lang='lat' dir='ltr'><strong>in</strong></span> <span class='ocrx_word' id='word_1_16' title='bbox 538 627 584 692; x_wconf 88' lang='lat' dir='ltr'><strong>eis</strong></span> <span class='ocrx_word' id='word_1_17' title='bbox 606 627 802 693; x_wconf 78' lang='lat' dir='ltr'><strong>carminibus</strong></span> <span class='ocrx_word' id='word_1_18' title='bbox 825 626 1013 714; x_wconf 84' lang='lat' dir='ltr'><strong>adparuerit</strong></span> <span class='ocrx_word' id='word_1_19' title='bbox 1034 627 1067 694; x_wconf 93' lang='lat' dir='ltr'><strong>in</strong></span> <span class='ocrx_word' id='word_1_20' title='bbox 1092 629 1209 717; x_wconf 84' lang='lat' dir='ltr'><strong>quibua</strong></span> <span class='ocrx_word' id='word_1_21' title='bbox 1235 651 1328 696; x_wconf 86' lang='lat' dir='ltr'><strong>enar·</strong></span> 
     </span>
     <span class='ocr_line' id='line_1_4' title="bbox 279 741 1328 834; baseline 0.002 -24"><span class='ocrx_word' id='word_1_22' title='bbox 279 743 387 812; x_wconf 90' lang='lat' dir='ltr'><strong>randis</strong></span> <span class='ocrx_word' id='word_1_23' title='bbox 422 765 520 832; x_wconf 84' lang='lat' dir='ltr'><strong>supra</strong></span> <span class='ocrx_word' id='word_1_24' title='bbox 554 743 818 810; x_wconf 84' lang='lat' dir='ltr'><strong>subsistebamus.</strong></span> <span class='ocrx_word' id='word_1_25' title='bbox 870 741 950 809; x_wconf 91' lang='lat' dir='ltr'><strong>illud</strong></span> <span class='ocrx_word' id='word_1_26' title='bbox 990 744 1092 830; x_wconf 88' lang='lat' dir='ltr'><strong>igitur</strong></span> <span class='ocrx_word' id='word_1_27' title='bbox 1126 745 1328 834; x_wconf 84' lang='lat' dir='ltr'><strong>epigramma</strong></span> 
     </span>
     <span class='ocr_line' id='line_1_5' title="bbox 281 858 1328 950; baseline -0.001 -23"><span class='ocrx_word' id='word_1_28' title='bbox 281 880 399 927; x_wconf 83' lang='lat' dir='ltr'><strong>nxxxv</strong></span> <span class='ocrx_word' id='word_1_29' title='bbox 431 861 495 926; x_wconf 81' lang='lat' dir='ltr'><strong>Odi</strong></span> <span class='ocrx_word' id='word_1_30' title='bbox 521 873 549 925; x_wconf 83' lang='lat' dir='ltr'><strong>et</strong></span> <span class='ocrx_word' id='word_1_31' title='bbox 577 883 646 926; x_wconf 85' lang='lat' dir='ltr'><strong>cmo</strong></span> <span class='ocrx_word' id='word_1_32' title='bbox 675 858 823 926; x_wconf 88' lang='lat' dir='ltr'><strong>omnibns</strong></span> <span class='ocrx_word' id='word_1_33' title='bbox 849 859 914 925; x_wconf 90' lang='lat' dir='ltr'><strong>illis</strong></span> <span class='ocrx_word' id='word_1_34' title='bbox 940 859 1133 926; x_wconf 76' lang='lat' dir='ltr'><strong>carminibus</strong></span> <span class='ocrx_word' id='word_1_35' title='bbox 1161 881 1244 950; x_wconf 86' lang='lat' dir='ltr'><strong>qnae</strong></span> <span class='ocrx_word' id='word_1_36' title='bbox 1266 859 1328 928; x_wconf 84' lang='lat' dir='ltr'><strong>Oa·</strong></span> 
     </span>
     <span class='ocr_line' id='line_1_6' title="bbox 280 976 1328 1066; baseline -0.001 -22"><span class='ocrx_word' id='word_1_37' title='bbox 280 977 377 1044; x_wconf 85' lang='lat' dir='ltr'><strong>tullus</strong></span> <span class='ocrx_word' id='word_1_38' title='bbox 409 997 468 1066; x_wconf 86' lang='lat' dir='ltr'><strong>per</strong></span> <span class='ocrx_word' id='word_1_39' title='bbox 499 986 626 1064; x_wconf 86' lang='lat' dir='ltr'><strong>tempus</strong></span> <span class='ocrx_word' id='word_1_40' title='bbox 656 976 782 1044; x_wconf 78' lang='lat' dir='ltr'><strong>discidii</strong></span> <span class='ocrx_word' id='word_1_41' title='bbox 808 978 892 1042; x_wconf 88' lang='lat' dir='ltr'><strong>inter</strong></span> <span class='ocrx_word' id='word_1_42' title='bbox 921 986 1065 1042; x_wconf 84' lang='lat' dir='ltr'><strong>amantes</strong></span> <span class='ocrx_word' id='word_1_43' title='bbox 1094 977 1157 1042; x_wconf 90' lang='lat' dir='ltr'><strong>orti</strong></span> <span class='ocrx_word' id='word_1_44' title='bbox 1189 978 1328 1066; x_wconf 77' lang='lat' dir='ltr'><strong>scripsit,</strong></span> 
     </span>
     <span class='ocr_line' id='line_1_7' title="bbox 281 1091 1326 1182; baseline 0 -22"><span class='ocrx_word' id='word_1_45' title='bbox 281 1093 420 1182; x_wconf 85' lang='lat' dir='ltr'><strong>quodam</strong></span> <span class='ocrx_word' id='word_1_46' title='bbox 471 1093 568 1160; x_wconf 92' lang='lat' dir='ltr'><strong>modo</strong></span> <span class='ocrx_word' id='word_1_47' title='bbox 620 1092 706 1159; x_wconf 88' lang='lat' dir='ltr'><strong>tituli</strong></span> <span class='ocrx_word' id='word_1_48' title='bbox 755 1093 826 1160; x_wconf 91' lang='lat' dir='ltr'><strong>loco</strong></span> <span class='ocrx_word' id='word_1_49' title='bbox 875 1093 1033 1181; x_wconf 89' lang='lat' dir='ltr'><strong>praeponi</strong></span> <span class='ocrx_word' id='word_1_50' title='bbox 1080 1091 1189 1180; x_wconf 74' lang='lat' dir='ltr'><strong>possit.</strong></span> <span class='ocrx_word' id='word_1_51' title='bbox 1252 1093 1326 1160; x_wconf 92' lang='lat' dir='ltr'><strong>odio</strong></span> 
     </span>
     <span class='ocr_line' id='line_1_8' title="bbox 281 1209 1327 1298; baseline 0.002 -22"><span class='ocrx_word' id='word_1_52' title='bbox 281 1212 367 1276; x_wconf 90' lang='lat' dir='ltr'><strong>enim</strong></span> <span class='ocrx_word' id='word_1_53' title='bbox 389 1221 422 1276; x_wconf 87' lang='lat' dir='ltr'><strong>et</strong></span> <span class='ocrx_word' id='word_1_54' title='bbox 442 1232 552 1276; x_wconf 87' lang='lat' dir='ltr'><strong>amore</strong></span> <span class='ocrx_word' id='word_1_55' title='bbox 576 1209 639 1275; x_wconf 90' lang='lat' dir='ltr'><strong>huc</strong></span> <span class='ocrx_word' id='word_1_56' title='bbox 661 1219 759 1298; x_wconf 85' lang='lat' dir='ltr'><strong>atque</strong></span> <span class='ocrx_word' id='word_1_57' title='bbox 786 1209 862 1276; x_wconf 86' lang='lat' dir='ltr'><strong>illuc</strong></span> <span class='ocrx_word' id='word_1_58' title='bbox 883 1219 974 1274; x_wconf 88' lang='lat' dir='ltr'><strong>aetus</strong></span> <span class='ocrx_word' id='word_1_59' title='bbox 1005 1219 1104 1297; x_wconf 86' lang='lat' dir='ltr'><strong>poeta</strong></span> <span class='ocrx_word' id='word_1_60' title='bbox 1131 1209 1230 1276; x_wconf 88' lang='lat' dir='ltr'><strong>miser</strong></span> <span class='ocrx_word' id='word_1_61' title='bbox 1261 1233 1327 1278; x_wconf 93' lang='lat' dir='ltr'><strong>non</strong></span> 
     </span>
     <span class='ocr_line' id='line_1_9' title="bbox 282 1325 1329 1414; baseline 0.001 -21"><span class='ocrx_word' id='word_1_62' title='bbox 282 1327 359 1394; x_wconf 91' lang='lat' dir='ltr'><strong>dum</strong></span> <span class='ocrx_word' id='word_1_63' title='bbox 390 1349 409 1392; x_wconf 92' lang='lat' dir='ltr'><strong>a</strong></span> <span class='ocrx_word' id='word_1_64' title='bbox 440 1348 475 1392; x_wconf 88' lang='lat' dir='ltr'><strong>se</strong></span> <span class='ocrx_word' id='word_1_65' title='bbox 505 1327 667 1414; x_wconf 77' lang='lat' dir='ltr'><strong>inpetrare</strong></span> <span class='ocrx_word' id='word_1_66' title='bbox 698 1325 804 1413; x_wconf 87' lang='lat' dir='ltr'><strong>potuit</strong></span> <span class='ocrx_word' id='word_1_67' title='bbox 832 1335 870 1392; x_wconf 88' lang='lat' dir='ltr'><strong>ut</strong></span> <span class='ocrx_word' id='word_1_68' title='bbox 897 1325 1045 1394; x_wconf 76' lang='lat' dir='ltr'><strong>Clodiam</strong></span> <span class='ocrx_word' id='word_1_69' title='bbox 1075 1326 1259 1410; x_wconf 85' lang='lat' dir='ltr'><strong>desereret,</strong></span> <span class='ocrx_word' id='word_1_70' title='bbox 1294 1337 1329 1394; x_wconf 87' lang='lat' dir='ltr'><strong>et</strong></span> 
     </span>
     <span class='ocr_line' id='line_1_10' title="bbox 281 1442 1328 1527; baseline 0 -17"><span class='ocrx_word' id='word_1_71' title='bbox 281 1446 425 1510; x_wconf 88' lang='lat' dir='ltr'><strong>carmina</strong></span> <span class='ocrx_word' id='word_1_72' title='bbox 446 1443 566 1510; x_wconf 88' lang='lat' dir='ltr'><strong>acerba</strong></span> <span class='ocrx_word' id='word_1_73' title='bbox 586 1445 619 1508; x_wconf 90' lang='lat' dir='ltr'><strong>in</strong></span> <span class='ocrx_word' id='word_1_74' title='bbox 648 1443 790 1509; x_wconf 88' lang='lat' dir='ltr'><strong>aemulos</strong></span> <span class='ocrx_word' id='word_1_75' title='bbox 812 1465 903 1527; x_wconf 87' lang='lat' dir='ltr'><strong>suos,</strong></span> <span class='ocrx_word' id='word_1_76' title='bbox 934 1442 1074 1509; x_wconf 80' lang='lat' dir='ltr'><strong>Lesbiae</strong></span> <span class='ocrx_word' id='word_1_77' title='bbox 1100 1453 1261 1510; x_wconf 88' lang='lat' dir='ltr'><strong>amatores</strong></span> <span class='ocrx_word' id='word_1_78' title='bbox 1282 1445 1328 1510; x_wconf 92' lang='lat' dir='ltr'><strong>in-</strong></span> 
     </span>
     <span class='ocr_line' id='line_1_11' title="bbox 280 1559 1328 1647; baseline 0.001 -20"><span class='ocrx_word' id='word_1_79' title='bbox 280 1559 508 1643; x_wconf 82' lang='lat' dir='ltr'><strong>numerabiles,</strong></span> <span class='ocrx_word' id='word_1_80' title='bbox 528 1562 676 1627; x_wconf 84' lang='lat' dir='ltr'><strong>conicere</strong></span> <span class='ocrx_word' id='word_1_81' title='bbox 694 1560 861 1647; x_wconf 84' lang='lat' dir='ltr'><strong>pergebat.</strong></span> <span class='ocrx_word' id='word_1_82' title='bbox 896 1561 999 1632; x_wconf 84' lang='lat' dir='ltr'><strong>ucluti</strong></span> <span class='ocrx_word' id='word_1_83' title='bbox 1013 1562 1046 1628; x_wconf 93' lang='lat' dir='ltr'><strong>in</strong></span> <span class='ocrx_word' id='word_1_84' title='bbox 1062 1561 1202 1628; x_wconf 86' lang='lat' dir='ltr'><strong>earmina</strong></span> <span class='ocrx_word' id='word_1_85' title='bbox 1214 1582 1328 1628; x_wconf 79' lang='lat' dir='ltr'><strong>xxxva</strong></span> 
     </span>
     <span class='ocr_line' id='line_1_12' title="bbox 283 1675 1328 1763; baseline 0.001 -20"><span class='ocrx_word' id='word_1_86' title='bbox 283 1675 383 1743; x_wconf 71' lang='lat' dir='ltr'><strong>Sulca</strong></span> <span class='ocrx_word' id='word_1_87' title='bbox 414 1677 542 1742; x_wconf 74' lang='lat' dir='ltr'><strong>taberna</strong></span> <span class='ocrx_word' id='word_1_88' title='bbox 567 1699 683 1763; x_wconf 79' lang='lat' dir='ltr'><strong>aesque</strong></span> <span class='ocrx_word' id='word_1_89' title='bbox 708 1677 938 1742; x_wconf 67' lang='lat' dir='ltr'><strong>eoatdornalcs</strong></span> <span class='ocrx_word' id='word_1_90' title='bbox 966 1675 1113 1744; x_wconf 83' lang='lat' dir='ltr'><strong>Catullus</strong></span> <span class='ocrx_word' id='word_1_91' title='bbox 1138 1679 1172 1743; x_wconf 91' lang='lat' dir='ltr'><strong>in</strong></span> <span class='ocrx_word' id='word_1_92' title='bbox 1192 1677 1328 1744; x_wconf 86' lang='lat' dir='ltr'><strong>iuuenes</strong></span> 
     </span>
     <span class='ocr_line' id='line_1_13' title="bbox 281 1791 1327 1882; baseline -0.002 -21"><span class='ocrx_word' id='word_1_93' title='bbox 281 1816 346 1861; x_wconf 93' lang='lat' dir='ltr'><strong>non</strong></span> <span class='ocrx_word' id='word_1_94' title='bbox 377 1795 483 1860; x_wconf 88' lang='lat' dir='ltr'><strong>nullos</strong></span> <span class='ocrx_word' id='word_1_95' title='bbox 517 1792 551 1878; x_wconf 86' lang='lat' dir='ltr'><strong>(c</strong></span> <span class='ocrx_word' id='word_1_96' title='bbox 582 1793 701 1882; x_wconf 87' lang='lat' dir='ltr'><strong>quibua</strong></span> <span class='ocrx_word' id='word_1_97' title='bbox 732 1792 910 1880; x_wconf 85' lang='lat' dir='ltr'><strong>Egnatium</strong></span> <span class='ocrx_word' id='word_1_98' title='bbox 940 1794 1102 1882; x_wconf 85' lang='lat' dir='ltr'><strong>quendam</strong></span> <span class='ocrx_word' id='word_1_99' title='bbox 1128 1791 1327 1861; x_wconf 77' lang='lat' dir='ltr'><strong>Celtiberum</strong></span> 
     </span>
     <span class='ocr_line' id='line_1_14' title="bbox 282 1909 1328 1998; baseline 0.002 -24"><span class='ocrx_word' id='word_1_100' title='bbox 282 1910 450 1992; x_wconf 86' lang='lat' dir='ltr'><strong>nominet),</strong></span> <span class='ocrx_word' id='word_1_101' title='bbox 472 1909 527 1998; x_wconf 92' lang='lat' dir='ltr'><strong>qni</strong></span> <span class='ocrx_word' id='word_1_102' title='bbox 548 1909 582 1976; x_wconf 92' lang='lat' dir='ltr'><strong>in</strong></span> <span class='ocrx_word' id='word_1_103' title='bbox 597 1911 733 1977; x_wconf 89' lang='lat' dir='ltr'><strong>taberna</strong></span> <span class='ocrx_word' id='word_1_104' title='bbox 748 1919 836 1977; x_wconf 87' lang='lat' dir='ltr'><strong>certa</strong></span> <span class='ocrx_word' id='word_1_105' title='bbox 851 1909 1100 1977; x_wconf 88' lang='lat' dir='ltr'><strong>contubernium</strong></span> <span class='ocrx_word' id='word_1_106' title='bbox 1119 1909 1328 1977; x_wconf 85' lang='lat' dir='ltr'><strong>libidinosum</strong></span> 
     </span>
     <span class='ocr_line' id='line_1_15' title="bbox 283 2025 1328 2115; baseline 0 -23"><span class='ocrx_word' id='word_1_107' title='bbox 283 2027 445 2115; x_wconf 86' lang='lat' dir='ltr'><strong>quoddam</strong></span> <span class='ocrx_word' id='word_1_108' title='bbox 464 2026 626 2092; x_wconf 84' lang='lat' dir='ltr'><strong>faciebant</strong></span> <span class='ocrx_word' id='word_1_109' title='bbox 641 2035 675 2091; x_wconf 90' lang='lat' dir='ltr'><strong>et</strong></span> <span class='ocrx_word' id='word_1_110' title='bbox 693 2025 886 2112; x_wconf 89' lang='lat' dir='ltr'><strong>quibuscum</strong></span> <span class='ocrx_word' id='word_1_111' title='bbox 900 2025 1019 2092; x_wconf 87' lang='lat' dir='ltr'><strong>Lesbia</strong></span> <span class='ocrx_word' id='word_1_112' title='bbox 1042 2027 1270 2092; x_wconf 87' lang='lat' dir='ltr'><strong>commercium</strong></span> <span class='ocrx_word' id='word_1_113' title='bbox 1282 2027 1328 2092; x_wconf 93' lang='lat' dir='ltr'><strong>in·</strong></span> 
     </span>
     <span class='ocr_line' id='line_1_16' title="bbox 283 2142 1330 2231; baseline 0.002 -23"><span class='ocrx_word' id='word_1_114' title='bbox 283 2143 433 2231; x_wconf 87' lang='lat' dir='ltr'><strong>pudicum</strong></span> <span class='ocrx_word' id='word_1_115' title='bbox 449 2142 599 2226; x_wconf 85' lang='lat' dir='ltr'><strong>habebat,</strong></span> <span class='ocrx_word' id='word_1_116' title='bbox 615 2142 732 2209; x_wconf 80' lang='lat' dir='ltr'><strong>acriter</strong></span> <span class='ocrx_word' id='word_1_117' title='bbox 745 2142 917 2226; x_wconf 88' lang='lat' dir='ltr'><strong>inuehitur,</strong></span> <span class='ocrx_word' id='word_1_118' title='bbox 932 2143 972 2208; x_wconf 83' lang='lat' dir='ltr'><strong>ci.</strong></span> <span class='ocrx_word' id='word_1_119' title='bbox 988 2165 1017 2206; x_wconf 92' lang='lat' dir='ltr'><strong>u.</strong></span> <span class='ocrx_word' id='word_1_120' title='bbox 1035 2144 1072 2208; x_wconf 90' lang='lat' dir='ltr'><strong>ll</strong></span> <span class='ocrx_word' id='word_1_121' title='bbox 1088 2153 1121 2209; x_wconf 88' lang='lat' dir='ltr'><strong>et</strong></span> <span class='ocrx_word' id='word_1_122' title='bbox 1135 2153 1330 2230; x_wconf 83' lang='lat' dir='ltr'><strong>sequenter:</strong></span> 
     </span>
    </p>
   </div>
   <div class='ocr_carea' id='block_1_3' title="bbox 428 2315 1070 2406">
    <p class='ocr_par' dir='ltr' id='par_1_3' title="bbox 428 2315 1070 2406">
     <span class='ocr_line' id='line_1_17' title="bbox 428 2315 1070 2406; baseline 0.002 -23"><span class='ocrx_word' id='word_1_123' title='bbox 428 2321 535 2406; x_wconf 83' lang='lat' dir='ltr'><strong>puella</strong></span> <span class='ocrx_word' id='word_1_124' title='bbox 557 2343 627 2384; x_wconf 83' lang='lat' dir='ltr'><strong>nom</strong></span> <span class='ocrx_word' id='word_1_125' title='bbox 648 2325 690 2384; x_wconf 80' lang='lat' dir='ltr'><strong>mi</strong></span> <span class='ocrx_word' id='word_1_126' title='bbox 708 2341 787 2406; x_wconf 81' lang='lat' dir='ltr'><strong>qaae</strong></span> <span class='ocrx_word' id='word_1_127' title='bbox 807 2341 874 2383; x_wconf 84' lang='lat' dir='ltr'><strong>meo</strong></span> <span class='ocrx_word' id='word_1_128' title='bbox 895 2323 960 2384; x_wconf 77' lang='lat' dir='ltr'><strong>aisa</strong></span> <span class='ocrx_word' id='word_1_129' title='bbox 979 2315 1070 2406; x_wconf 69' lang='lat' dir='ltr'><strong>fugit</strong></span> 
     </span>
    </p>
   </div>
   <div class='ocr_carea' id='block_1_4' title="bbox 424 2435 1189 2986">
    <p class='ocr_par' dir='ltr' id='par_1_4' title="bbox 424 2435 1189 2986">
     <span class='ocr_line' id='line_1_18' title="bbox 431 2435 1129 2522; baseline 0.003 -23"><span class='ocrx_word' id='word_1_130' title='bbox 431 2447 536 2500; x_wconf 81' lang='lat' dir='ltr'><strong>amata</strong></span> <span class='ocrx_word' id='word_1_131' title='bbox 558 2447 673 2499; x_wconf 81' lang='lat' dir='ltr'><strong>tantum</strong></span> <span class='ocrx_word' id='word_1_132' title='bbox 694 2447 836 2522; x_wconf 80' lang='lat' dir='ltr'><strong>quantum</strong></span> <span class='ocrx_word' id='word_1_133' title='bbox 859 2435 1010 2500; x_wconf 82' lang='lat' dir='ltr'><strong>amabitur</strong></span> <span class='ocrx_word' id='word_1_134' title='bbox 1031 2435 1129 2518; x_wconf 77' lang='lat' dir='ltr'><strong>nulla,</strong></span> 
     </span>
     <span class='ocr_line' id='line_1_19' title="bbox 424 2551 1157 2640; baseline 0 -25"><span class='ocrx_word' id='word_1_135' title='bbox 424 2575 488 2638; x_wconf 80' lang='lat' dir='ltr'><strong>pre</strong></span> <span class='ocrx_word' id='word_1_136' title='bbox 508 2575 570 2638; x_wconf 85' lang='lat' dir='ltr'><strong>qua</strong></span> <span class='ocrx_word' id='word_1_137' title='bbox 590 2551 668 2616; x_wconf 77' lang='lat' dir='ltr'><strong>miti</strong></span> <span class='ocrx_word' id='word_1_138' title='bbox 686 2563 755 2616; x_wconf 79' lang='lat' dir='ltr'><strong>aaut</strong></span> <span class='ocrx_word' id='word_1_139' title='bbox 775 2574 892 2639; x_wconf 68' lang='lat' dir='ltr'><strong>magna</strong></span> <span class='ocrx_word' id='word_1_140' title='bbox 914 2551 990 2615; x_wconf 80' lang='lat' dir='ltr'><strong>bella</strong></span> <span class='ocrx_word' id='word_1_141' title='bbox 1008 2563 1157 2640; x_wconf 65' lang='lat' dir='ltr'><strong>pugnata,</strong></span> 
     </span>
     <span class='ocr_line' id='line_1_20' title="bbox 431 2667 1064 2755; baseline 0.002 -23"><span class='ocrx_word' id='word_1_142' title='bbox 431 2667 567 2733; x_wconf 81' lang='lat' dir='ltr'><strong>consedit</strong></span> <span class='ocrx_word' id='word_1_143' title='bbox 587 2667 665 2733; x_wconf 82' lang='lat' dir='ltr'><strong>istic.</strong></span> <span class='ocrx_word' id='word_1_144' title='bbox 708 2671 799 2750; x_wconf 81' lang='lat' dir='ltr'><strong>lane,</strong></span> <span class='ocrx_word' id='word_1_145' title='bbox 822 2668 895 2733; x_wconf 81' lang='lat' dir='ltr'><strong>boni</strong></span> <span class='ocrx_word' id='word_1_146' title='bbox 915 2668 1064 2755; x_wconf 50' lang='lat' dir='ltr'><strong>bretagne,</strong></span> 
     </span>
     <span class='ocr_line' id='line_1_21' title="bbox 432 2783 1189 2872; baseline 0.001 -25"><span class='ocrx_word' id='word_1_147' title='bbox 432 2808 532 2848; x_wconf 82' lang='lat' dir='ltr'><strong>omncs</strong></span> <span class='ocrx_word' id='word_1_148' title='bbox 555 2785 669 2848; x_wconf 76' lang='lat' dir='ltr'><strong>amatis</strong></span> <span class='ocrx_word' id='word_1_149' title='bbox 689 2783 865 2871; x_wconf 80' lang='lat' dir='ltr'><strong>etquidem,</strong></span> <span class='ocrx_word' id='word_1_150' title='bbox 887 2783 970 2870; x_wconf 80' lang='lat' dir='ltr'><strong>quod</strong></span> <span class='ocrx_word' id='word_1_151' title='bbox 990 2783 1189 2872; x_wconf 67' lang='lat' dir='ltr'><strong>dereliquentes,</strong></span> 
     </span>
     <span class='ocr_line' id='line_1_22' title="bbox 431 2899 1016 2986; baseline -0.003 -20"><span class='ocrx_word' id='word_1_152' title='bbox 431 2923 529 2966; x_wconf 83' lang='lat' dir='ltr'><strong>omnes</strong></span> <span class='ocrx_word' id='word_1_153' title='bbox 547 2899 658 2986; x_wconf 74' lang='lat' dir='ltr'><strong>pusilli</strong></span> <span class='ocrx_word' id='word_1_154' title='bbox 676 2911 704 2964; x_wconf 89' lang='lat' dir='ltr'><strong>et</strong></span> <span class='ocrx_word' id='word_1_155' title='bbox 724 2901 875 2965; x_wconf 75' lang='lat' dir='ltr'><strong>semitarii</strong></span> <span class='ocrx_word' id='word_1_156' title='bbox 893 2901 1016 2965; x_wconf 76' lang='lat' dir='ltr'><strong>mccclii.</strong></span> 
     </span>
    </p>
   </div>
   <div class='ocr_carea' id='block_1_5' title="bbox 283 3074 1335 3984">
    <p class='ocr_par' dir='ltr' id='par_1_5' title="bbox 283 3074 1335 3984">
     <span class='ocr_line' id='line_1_23' title="bbox 283 3074 1332 3163; baseline 0.003 -22"><span class='ocrx_word' id='word_1_157' title='bbox 283 3097 390 3163; x_wconf 87' lang='lat' dir='ltr'><strong>neque</strong></span> <span class='ocrx_word' id='word_1_158' title='bbox 409 3076 483 3141; x_wconf 86' lang='lat' dir='ltr'><strong>hoc&#39;</strong></span> <span class='ocrx_word' id='word_1_159' title='bbox 493 3095 558 3142; x_wconf 92' lang='lat' dir='ltr'><strong>uno</strong></span> <span class='ocrx_word' id='word_1_160' title='bbox 580 3075 613 3140; x_wconf 91' lang='lat' dir='ltr'><strong>in</strong></span> <span class='ocrx_word' id='word_1_161' title='bbox 629 3097 762 3163; x_wconf 84' lang='lat' dir='ltr'><strong>gregem</strong></span> <span class='ocrx_word' id='word_1_162' title='bbox 783 3075 873 3141; x_wconf 90' lang='lat' dir='ltr'><strong>illum</strong></span> <span class='ocrx_word' id='word_1_163' title='bbox 889 3077 1032 3140; x_wconf 88' lang='lat' dir='ltr'><strong>carmine</strong></span> <span class='ocrx_word' id='word_1_164' title='bbox 1046 3075 1166 3163; x_wconf 91' lang='lat' dir='ltr'><strong>scripto</strong></span> <span class='ocrx_word' id='word_1_165' title='bbox 1182 3074 1332 3144; x_wconf 83' lang='lat' dir='ltr'><strong>Catullus</strong></span> 
     </span>
     <span class='ocr_line' id='line_1_24' title="bbox 284 3191 1332 3279; baseline 0.002 -22"><span class='ocrx_word' id='word_1_166' title='bbox 284 3191 346 3260; x_wconf 90' lang='lat' dir='ltr'><strong>sibi</strong></span> <span class='ocrx_word' id='word_1_167' title='bbox 374 3193 451 3258; x_wconf 88' lang='lat' dir='ltr'><strong>satia</strong></span> <span class='ocrx_word' id='word_1_168' title='bbox 473 3191 559 3256; x_wconf 84' lang='lat' dir='ltr'><strong>iecit.</strong></span> <span class='ocrx_word' id='word_1_169' title='bbox 602 3192 643 3258; x_wconf 88' lang='lat' dir='ltr'><strong>ab</strong></span> <span class='ocrx_word' id='word_1_170' title='bbox 665 3191 806 3279; x_wconf 82' lang='lat' dir='ltr'><strong>Egnatio</strong></span> <span class='ocrx_word' id='word_1_171' title='bbox 829 3191 913 3258; x_wconf 88' lang='lat' dir='ltr'><strong>enim</strong></span> <span class='ocrx_word' id='word_1_172' title='bbox 934 3192 1065 3276; x_wconf 85' lang='lat' dir='ltr'><strong>eodem,</strong></span> <span class='ocrx_word' id='word_1_173' title='bbox 1096 3215 1192 3278; x_wconf 88' lang='lat' dir='ltr'><strong>quem</strong></span> <span class='ocrx_word' id='word_1_174' title='bbox 1214 3192 1247 3258; x_wconf 90' lang='lat' dir='ltr'><strong>in</strong></span> <span class='ocrx_word' id='word_1_175' title='bbox 1269 3193 1332 3259; x_wconf 91' lang='lat' dir='ltr'><strong>boc</strong></span> 
     </span>
     <span class='ocr_line' id='line_1_25' title="bbox 283 3307 1331 3396; baseline 0.002 -22"><span class='ocrx_word' id='word_1_176' title='bbox 283 3309 425 3375; x_wconf 88' lang='lat' dir='ltr'><strong>carmine</strong></span> <span class='ocrx_word' id='word_1_177' title='bbox 461 3317 605 3374; x_wconf 88' lang='lat' dir='ltr'><strong>extremo</strong></span> <span class='ocrx_word' id='word_1_178' title='bbox 643 3309 842 3392; x_wconf 89' lang='lat' dir='ltr'><strong>nominauit,</strong></span> <span class='ocrx_word' id='word_1_179' title='bbox 885 3319 982 3396; x_wconf 87' lang='lat' dir='ltr'><strong>poeta</strong></span> <span class='ocrx_word' id='word_1_180' title='bbox 1019 3307 1161 3374; x_wconf 87' lang='lat' dir='ltr'><strong>carmine</strong></span> <span class='ocrx_word' id='word_1_181' title='bbox 1197 3333 1331 3376; x_wconf 82' lang='lat' dir='ltr'><strong>xxxvnu</strong></span> 
     </span>
     <span class='ocr_line' id='line_1_26' title="bbox 283 3425 1332 3515; baseline -0.002 -23"><span class='ocrx_word' id='word_1_182' title='bbox 283 3428 435 3515; x_wconf 67' lang='lat' dir='ltr'><strong>Egnatio</strong></span> <span class='ocrx_word' id='word_1_183' title='bbox 462 3426 546 3512; x_wconf 82' lang='lat' dir='ltr'><strong>qaod</strong></span> <span class='ocrx_word' id='word_1_184' title='bbox 579 3428 726 3492; x_wconf 74' lang='lat' dir='ltr'><strong>ccadsiloo</strong></span> <span class='ocrx_word' id='word_1_185' title='bbox 755 3427 845 3494; x_wconf 75' lang='lat' dir='ltr'><strong>taber</strong></span> <span class='ocrx_word' id='word_1_186' title='bbox 874 3427 976 3493; x_wconf 79' lang='lat' dir='ltr'><strong>dentes</strong></span> <span class='ocrx_word' id='word_1_187' title='bbox 1008 3425 1214 3514; x_wconf 85' lang='lat' dir='ltr'><strong>grauissimas</strong></span> <span class='ocrx_word' id='word_1_188' title='bbox 1243 3427 1332 3512; x_wconf 90' lang='lat' dir='ltr'><strong>capit</strong></span> 
     </span>
     <span class='ocr_line' id='line_1_27' title="bbox 283 3541 1333 3632; baseline 0.002 -26"><span class='ocrx_word' id='word_1_189' title='bbox 283 3564 413 3630; x_wconf 87' lang='lat' dir='ltr'><strong>poenas.</strong></span> <span class='ocrx_word' id='word_1_190' title='bbox 457 3554 492 3609; x_wconf 88' lang='lat' dir='ltr'><strong>at</strong></span> <span class='ocrx_word' id='word_1_191' title='bbox 513 3541 615 3632; x_wconf 88' lang='lat' dir='ltr'><strong>qualis</strong></span> <span class='ocrx_word' id='word_1_192' title='bbox 636 3541 692 3608; x_wconf 91' lang='lat' dir='ltr'><strong>illa</strong></span> <span class='ocrx_word' id='word_1_193' title='bbox 712 3542 773 3608; x_wconf 90' lang='lat' dir='ltr'><strong>fuit</strong></span> <span class='ocrx_word' id='word_1_194' title='bbox 793 3543 884 3610; x_wconf 88' lang='lat' dir='ltr'><strong>salax</strong></span> <span class='ocrx_word' id='word_1_195' title='bbox 905 3543 1048 3626; x_wconf 87' lang='lat' dir='ltr'><strong>taberna,</strong></span> <span class='ocrx_word' id='word_1_196' title='bbox 1070 3543 1103 3608; x_wconf 91' lang='lat' dir='ltr'><strong>in</strong></span> <span class='ocrx_word' id='word_1_197' title='bbox 1126 3565 1191 3632; x_wconf 88' lang='lat' dir='ltr'><strong>qua</strong></span> <span class='ocrx_word' id='word_1_198' title='bbox 1211 3541 1333 3610; x_wconf 85' lang='lat' dir='ltr'><strong>Lesbis</strong></span> 
     </span>
     <span class='ocr_line' id='line_1_28' title="bbox 285 3657 1333 3749; baseline 0.004 -25"><span class='ocrx_word' id='word_1_199' title='bbox 285 3657 401 3724; x_wconf 85' lang='lat' dir='ltr'><strong>sedens</strong></span> <span class='ocrx_word' id='word_1_200' title='bbox 424 3681 495 3725; x_wconf 89' lang='lat' dir='ltr'><strong>eum</strong></span> <span class='ocrx_word' id='word_1_201' title='bbox 518 3660 660 3726; x_wconf 90' lang='lat' dir='ltr'><strong>moechis</strong></span> <span class='ocrx_word' id='word_1_202' title='bbox 680 3661 831 3726; x_wconf 86' lang='lat' dir='ltr'><strong>trecentis</strong></span> <span class='ocrx_word' id='word_1_203' title='bbox 853 3669 964 3749; x_wconf 86' lang='lat' dir='ltr'><strong>stupra</strong></span> <span class='ocrx_word' id='word_1_204' title='bbox 983 3659 1155 3729; x_wconf 81' lang='lat' dir='ltr'><strong>faciebat?</strong></span> <span class='ocrx_word' id='word_1_205' title='bbox 1198 3659 1270 3743; x_wconf 85' lang='lat' dir='ltr'><strong>fuit,</strong></span> <span class='ocrx_word' id='word_1_206' title='bbox 1294 3671 1333 3728; x_wconf 89' lang='lat' dir='ltr'><strong>nt</strong></span> 
     </span>
     <span class='ocr_line' id='line_1_29' title="bbox 287 3777 1333 3865; baseline 0.001 -23"><span class='ocrx_word' id='word_1_207' title='bbox 287 3799 330 3842; x_wconf 84' lang='lat' dir='ltr'><strong>ex</strong></span> <span class='ocrx_word' id='word_1_208' title='bbox 351 3797 458 3842; x_wconf 88' lang='lat' dir='ltr'><strong>rerum</strong></span> <span class='ocrx_word' id='word_1_209' title='bbox 484 3786 518 3844; x_wconf 86' lang='lat' dir='ltr'><strong>et</strong></span> <span class='ocrx_word' id='word_1_210' title='bbox 538 3777 713 3843; x_wconf 87' lang='lat' dir='ltr'><strong>uerborum</strong></span> <span class='ocrx_word' id='word_1_211' title='bbox 735 3786 891 3844; x_wconf 84' lang='lat' dir='ltr'><strong>contextu</strong></span> <span class='ocrx_word' id='word_1_212' title='bbox 912 3787 1018 3865; x_wconf 85' lang='lat' dir='ltr'><strong>patet,</strong></span> <span class='ocrx_word' id='word_1_213' title='bbox 1050 3799 1248 3865; x_wconf 85' lang='lat' dir='ltr'><strong>quamquam</strong></span> <span class='ocrx_word' id='word_1_214' title='bbox 1276 3799 1333 3846; x_wconf 80' lang='lat' dir='ltr'><strong>no</strong></span> 
     </span>
     <span class='ocr_line' id='line_1_30' title="bbox 291 3892 1335 3984; baseline 0.003 -25"><span class='ocrx_word' id='word_1_215' title='bbox 291 3892 378 3960; x_wconf 89' lang='lat' dir='ltr'><strong>mine</strong></span> <span class='ocrx_word' id='word_1_216' title='bbox 398 3893 509 3978; x_wconf 87' lang='lat' dir='ltr'><strong>caruit,</strong></span> <span class='ocrx_word' id='word_1_217' title='bbox 532 3905 597 3961; x_wconf 90' lang='lat' dir='ltr'><strong>tam</strong></span> <span class='ocrx_word' id='word_1_218' title='bbox 614 3915 692 3960; x_wconf 88' lang='lat' dir='ltr'><strong>eure</strong></span> <span class='ocrx_word' id='word_1_219' title='bbox 713 3917 792 3962; x_wconf 86' lang='lat' dir='ltr'><strong>uera</strong></span> <span class='ocrx_word' id='word_1_220' title='bbox 812 3895 893 3962; x_wconf 91' lang='lat' dir='ltr'><strong>nihil</strong></span> <span class='ocrx_word' id='word_1_221' title='bbox 912 3895 974 3963; x_wconf 90' lang='lat' dir='ltr'><strong>nisi</strong></span> <span class='ocrx_word' id='word_1_222' title='bbox 988 3897 1135 3984; x_wconf 86' lang='lat' dir='ltr'><strong>lupanar,</strong></span> <span class='ocrx_word' id='word_1_223' title='bbox 1153 3906 1191 3962; x_wconf 90' lang='lat' dir='ltr'><strong>ut</strong></span> <span class='ocrx_word' id='word_1_224' title='bbox 1209 3896 1335 3962; x_wconf 80' lang='lat' dir='ltr'><strong>famosa</strong></span> 
     </span>
    </p>
   </div>
   <div class='ocr_carea' id='block_1_6' title="bbox 0 0 1488 4492">
    <p class='ocr_par' dir='ltr' id='par_1_6' title="bbox 0 0 1488 4492">
     <span class='ocr_line' id='line_1_31' title="bbox 0 0 1488 4492; baseline 0 0"><span class='ocrx_word' id='word_1_225' title='bbox 0 0 1488 4492; x_wconf 95' lang='lat' dir='ltr'><strong> </strong></span> 
     </span>
    </p>
   </div>
  </div>
 </body>
</html>
