2954 4492
259 339 293 392 96
542 336 568 389 V
602 336 650 390 DE
667 335 846 392 mom
864 335 1021 390 ctmm

261 503 551 594 quadragenarium
579 503 704 572 Tullius
730 504 904 570 inuehitur.
945 527 1008 571 noc
1028 505 1150 590 pudor
1190 500 1306 592 inqmt,

261 623 315 686 sed
340 621 556 708 qtu'dpodeot
581 621 823 688 domtuenooo
850 619 1167 700 modosdternbore,
1198 642 1307 686 nerum

260 740 384 804 comitto
414 738 479 804 tine
509 742 590 804 ore?
640 737 758 825 quibus
792 736 900 802 uerbis
931 735 1102 804 scholisstn
1135 735 1307 804 Bobiensis

262 877 294 944 p.
313 854 393 938 344,
415 854 455 921 10
475 853 557 920 hsec
578 851 737 940 ascripsit,
759 853 850 918 modu
873 874 939 918 com
960 851 1118 918 anatome
1137 853 1308 918 tonnus

260 983 289 1036 et
307 972 514 1057 emnem
535 971 606 1036 osce
625 967 775 1055 insumam
795 969 1012 1056 torpiwcd‘uem
1035 971 1100 1034 eiooe
1120 967 1307 1055 desonm'to·

259 1099 320 1154 tem
332 1089 435 1154 uoltus
454 1088 563 1154 uolens
576 1085 776 1174 exprobrare,
796 1109 856 1153 uon
869 1097 979 1154 mutem
993 1086 1061 1152 εἰπε
1073 1086 1184 1152 nabore
1197 1100 1308 1152 oerum

260 1207 354 1271 mom
373 1207 441 1272 sice
461 1227 515 1270 ore
534 1206 574 1269 P.
599 1205 733 1270 Clodium
755 1203 837 1272 dist.
879 1227 950 1270 nom
978 1205 1107 1270 traditor
1132 1207 1237 1286 sorore
1257 1205 1307 1270 tir-

259 1321 378 1388 Ebwoli
402 1322 433 1388 ὼ
462 1319 570 1405 fratte.
614 1319 731 1388 Oicoro
752 1321 854 1407 igitur
881 1321 955 1386 lusu
981 1321 1225 1408 paronomasioe
1252 1320 1307 1388 ud·

261 1437 361 1504 hibito
387 1437 468 1520 (tine
486 1437 615 1504 nabore
637 1489 643 1500 .
669 1487 676 1504 .
700 1483 709 1502 .
730 1439 798 1504 cios
817 1439 895 1521 oro)
928 1436 1080 1504 Clodium
1108 1437 1153 1504 eit
1172 1437 1307 1527 pudoris

261 1553 380 1620 rubore
401 1553 540 1620 suffumdi
561 1576 628 1620 non
649 1575 754 1643 posse,
786 1554 938 1644 quonium
958 1555 1027 1621 eius
1048 1577 1084 1622 oo
1105 1552 1307 1643 turpitudine

256 1679 295 1738 et
313 1671 446 1738 infamio
465 1671 657 1739 obduratum
679 1671 744 1736 ism
758 1671 880 1738 dudum
900 1671 942 1738 eb
957 1671 1176 1739 erubescendo
1195 1671 1308 1740 desue-

260 1789 380 1856 fsctum
410 1789 479 1856 sit:
504 1789 577 1857 ideo
599 1811 676 1856 uero
698 1811 758 1856 neo
779 1788 864 1855 istud
887 1811 923 1858 os
943 1789 1090 1874 ruboris,
1121 1789 1307 1878 pulcerrimi

259 1905 353 1974 fecici
375 1905 535 1974 humente
557 1907 751 1990 ornamenti,
781 1928 897 1994 expers
924 1906 1054 1995 proprie
1083 1907 1147 1974 oris
1177 1907 1307 1975 nomine

260 2024 424 2110 designari
444 2046 505 2090 nec
526 2045 598 2090 eum
621 2023 677 2112 qui
697 2024 763 2091 tude
783 2023 901 2090 hubent
921 2047 978 2092 ore
994 2024 1156 2092 hominem
1179 2024 1308 2094 decenti

259 2140 442 2230 pmoditum
473 2163 544 2208 esse
574 2141 776 2229 pronuntiari
807 2163 912 2230 posse.
959 2141 1050 2208 uides
1080 2142 1143 2208 hoc
1174 2163 1308 2231 quoque

258 2259 329 2326 looo
350 2281 409 2324 nos
431 2281 496 2326 non
519 2257 593 2346 cogi
613 2269 651 2324 ut
671 2269 821 2346 putemus
836 2257 987 2326 Clodium
1001 2258 1179 2326 deformem
1192 2259 1306 2326 inisse.

259 2385 372 2443 contre
392 2377 475 2442 rotio
496 2377 624 2464 flsgitot
644 2387 680 2442 ut
701 2377 802 2444 uerbo
822 2375 885 2461 illu,
908 2386 944 2444 ut
965 2376 1116 2462 fecimus,
1138 2375 1242 2464 mugio
1263 2377 1306 2444 od

260 2493 357 2560 enimi
385 2515 482 2581 quom
510 2493 552 2560 nd
579 2493 722 2583 corporis
745 2493 980 2583 turpitudinem
1001 2493 1177 2562 referemus
1198 2518 1207 2561 ε
1227 2515 1305 2562 num

258 2609 337 2701 quid
367 2611 432 2677 oris
457 2610 639 2679 formositas
668 2633 740 2677 cum
759 2610 883 2677 rubore
904 2610 1003 2677 hebet
1024 2609 1228 2678 commuue?
1271 2622 1306 2678 ot

258 2750 294 2795 os
314 2729 490 2796 formosum
511 2737 544 2793 et
564 2726 708 2794 deforme
729 2727 851 2816 puriter
871 2727 1033 2795 erubescit
1047 2753 1055 2793 t
1068 2725 1160 2794 ouius
1180 2729 1228 2795 rei
1248 2725 1305 2796 sli-

258 2844 335 2935 quid
365 2845 538 2912 scholiasta
566 2844 724 2932 dispexit,
757 2867 831 2910 cum
860 2844 949 2933 prius
978 2843 1018 2912 de
1048 2843 1238 2932 inpudentia
1270 2855 1305 2912 et

257 2963 369 3030 inferni
382 2961 580 3051 turpitudine
601 2963 711 3030 uultus
726 2985 822 3052 quum
837 2961 879 3030 do
899 2961 968 3029 eius
989 2961 1194 3029 deformitate
1216 2963 1305 3051 cogi·

256 3091 352 3148 teret.
394 3079 552 3168 reliquum
581 3089 631 3147 est
661 3091 697 3148 ut
723 3079 829 3147 locum
850 3079 989 3147 olterum
1011 3077 1180 3148 Ciceronis
1202 3079 1305 3169 expli·

258 3219 381 3282 comus,
413 3220 479 3286 quo
507 3197 695 3265 confidimus
724 3209 868 3266 nostrum
889 3197 931 3263 de
960 3195 1065 3263 Olodii
1085 3195 1305 3285 pulcritudine

256 3315 449 3384 sententium
463 3317 655 3384 confirmari.
672 3325 763 3382 extet
776 3315 830 3382 ille
844 3317 877 3383 iu
889 3314 1097 3384 altercatione
1110 3335 1177 3402 qus
1189 3311 1304 3382 Cicero

255 3432 363 3500 idibus
391 3433 518 3500 Mortiis
540 3433 616 3500 enni
642 3433 776 3516 693161,
808 3456 874 3500 non
905 3434 952 3501 ite
978 3433 1035 3500 diu
1062 3441 1177 3520 posteo
1206 3453 1305 3520 quarn

258 3547 391 3618 Clodius
420 3573 513 3617 sucro
539 3551 651 3616 Bonoe
678 3549 770 3616 Deoe
800 3549 954 3634 uiolcrot,
986 3571 1058 3616 cum
1086 3551 1150 3616 hoo
1176 3549 1247 3638 ipso
1269 3550 1305 3618 in

257 3676 372 3734 senutu
401 3667 600 3734 concerteuit
629 3667 685 3752 (of.
707 3665 778 3734 Att.
801 3691 808 3732 ι
833 3668 871 3732 16
892 3667 912 3732 8
933 3689 1058 3756 orgum.
1090 3667 1188 3734 schol.
1218 3667 1303 3736 Bob.

117 3861 127 3874 .
256 3806 289 3873 p.
310 3783 382 3866 329,
407 3785 445 3850 19
466 3785 649 3852 Drumonni
663 3783 730 3850 HR
745 3807 766 3850 v
780 3784 867 3869 588),
890 3793 1065 3872 conceptus
1085 3784 1174 3852 hisce
1196 3783 1304 3852 uerbis

258 3901 305 3988 (in
329 3900 480 3970 Clodium
502 3913 535 3970 et
556 3901 733 3970 Curionem
746 3905 767 3970 ὃ
780 3904 816 3990 4)
837 3923 845 3967 2
866 3903 928 3969 Sed
946 3905 1034 3972 credo
1051 3915 1214 3992 postquam
1235 3923 1305 3990 spe·
