2970 4484
289 363 339 412 248
538 357 563 408 X
598 355 646 408 DE
664 354 843 410 vestutate
862 357 908 408 ΕΤ
926 353 1090 408 FABVLLO

287 525 392 590 faetus
412 533 482 589 erat
496 521 654 606 (lassaris,
677 545 772 611 quem
788 520 944 603 Catullus,
966 530 1003 587 ut
1023 521 1055 586 in
1071 519 1176 608 eapite
1189 519 1340 607 proximo

287 641 434 722 uidimus,
449 641 506 705 illo
525 640 595 727 ipso
613 650 760 727 tempore
781 661 845 726 quo
865 640 1009 704 earmina
1030 659 1127 703 xxvrn
1151 645 1184 702 et
1203 657 1340 702 xxxxvu

287 755 451 844 scripserit
461 777 593 821 necesse
605 766 664 839 ast,
676 754 917 844 epigrammatis
929 754 1168 822 contumeliosis
1178 753 1341 819 indefesse

287 871 515 941 insectabatur.
558 873 668 961 itaque
683 873 767 956 Piso,
790 871 830 937 ad
847 894 943 958 quem
962 894 982 937 a
997 871 1108 958 generi
1124 869 1341 958 potentissimi

288 987 482 1055 auctoritate
504 1009 628 1054 summa
650 988 850 1077 aliquantum
875 988 1006 1054 honoris
1030 987 1248 1068 redundabat,
1269 995 1340 1052 tum

287 1106 431 1194 profecto
452 1099 688 1170 ‘nobilissimus'
708 1104 777 1170 fuis
816 1125 912 1192 porro
928 1127 992 1170 non
1008 1104 1077 1170 sine
1091 1105 1209 1170 idonea
1224 1125 1341 1169 caussa

287 1221 400 1288 Pisoni
435 1220 566 1286 nomina
598 1211 738 1308 ‘usrpae'
773 1223 893 1306 (xxvio
926 1221 987 1304 12)
1022 1230 1055 1286 et
1085 1214 1187 1306 ‘uerpi
1218 1213 1340 1306 Priapi’

288 1343 439 1424 (xxxxvn
452 1336 489 1420 4)
512 1335 659 1403 Catullus
672 1337 800 1404 indidit.
844 1337 882 1402 οἱ
899 1338 931 1403 in
947 1336 1097 1403 Pisonem
1122 1336 1160 1401 18
1181 1336 1223 1402 42
1243 1339 1340 1402 modia

287 1461 317 1521 in
344 1454 565 1540 praesepibus,
597 1454 693 1520 audis
720 1461 752 1519 in
779 1456 899 1540 stupris
911 1503 920 1535 ,
955 1453 1049 1520 audis
1076 1459 1107 1518 ia
1127 1458 1190 1518 otto
1211 1466 1239 1518 et
1258 1458 1338 1520 uuio.

288 1573 328 1638 de
355 1569 530 1659 prouinciis
558 1569 781 1637 consularibus
801 1571 822 1636 3
843 1571 863 1635 6
884 1570 1031 1636 lrlla'da'uaa
1053 1583 1210 1656 praetereo
1230 1595 1241 1636 .·
1263 1593 1339 1656 qua-

288 1712 354 1754 rum
384 1691 607 1754 aoeduaimum
636 1700 716 1754 estat
743 1688 894 1754 ludiariam
921 1701 949 1752 et
981 1691 1023 1752 ud
1048 1689 1201 1773 a'aaipm
1228 1709 1339 1754 memo

287 1809 367 1872 rviam
395 1805 593 1890 turpitudinis
620 1818 648 1870 et
672 1829 771 1890 poene
791 1807 834 1868 od
851 1810 958 1869 matum
979 1807 1074 1869 eduum
1095 1805 1213 1889 epea·
1231 1805 1339 1886 nostri,

288 1921 371 2009 quod
397 1934 516 1986 coastat
540 1921 743 1986 nobilissimos
768 1921 909 2006 ua'rpa'aea
934 1943 968 1985 se
996 1921 1030 1984 tn
1058 1932 1167 2004 puteos
1188 1919 1340 1985 adieoa'aaa

288 2053 316 2103 et
336 2049 429 2102 morte
449 2039 628 2103 uoluntaria
649 2042 852 2102 necessarium
874 2037 1088 2122 turpitudinem
1110 2035 1270 2122 depulisse.
1305 2035 1338 2104 in
1401 2107 1405 2117 ,

289 2154 438 2220 Pisonem
458 2155 499 2218 28
520 2155 562 2218 69
582 2159 684 2240 itaque
704 2155 906 2218 admissarius
927 2159 979 2218 iate
994 2155 1195 2240 simulatque
1210 2153 1340 2220 oudsiou't

288 2271 469 2356 uoluptatem
490 2295 512 2334 o
527 2271 701 2356 philosopho
721 2281 801 2335 tanto
822 2293 912 2356 opere
933 2271 1072 2347 laudari,
1094 2270 1171 2335 sitit
1192 2271 1339 2355 eapa'soo·

289 2399 336 2453 tas
357 2398 399 2451 est
420 2411 427 2451 :
449 2388 495 2452 sio
516 2409 588 2452 assos
610 2409 723 2452 sensus
746 2389 940 2472 uoluptara'os
967 2411 1069 2452 ornnes
1099 2388 1260 2470 moueat,
1289 2388 1339 2453 aio

288 2505 333 2570 od
357 2505 439 2569 s'llztrs
466 2505 545 2568 dano
571 2508 731 2568 orationem
760 2503 929 2570 adleuauit
947 2516 979 2568 ut
998 2527 1057 2568 nort
1077 2508 1256 2592 mops'sdum
1277 2508 1339 2569 uir*

288 2624 362 2688 mia
383 2624 437 2686 aad
456 2633 607 2686 auctorem
627 2621 770 2686 lida'da'm'a
791 2623 972 2687 ossillum
996 2623 1150 2686 tuomum
1170 2621 1339 2686 arbitrare

287 2751 344 2804 tur.
388 2739 522 2826 quodsi
545 2737 674 2803 Pisonis
700 2737 816 2804 indolis
845 2749 877 2804 et
904 2747 1020 2804 natura
1048 2737 1127 2802 haee
1160 2737 1239 2819 fuit,
1272 2759 1337 2802 non

288 2854 442 2919 miramur
463 2854 550 2942 quod
572 2877 646 2920 eum
667 2855 819 2921 Memmio
841 2855 959 2920 eisdem
981 2876 1108 2920 morum
1129 2854 1263 2920 maculis
1284 2854 1338 2920 ad-

287 2972 372 3036 feoto
406 2993 479 3036 sum
511 2969 658 3038 Catullus
693 2970 928 3059 conparauerit.
985 2971 1063 3060 quin
1097 2972 1191 3036 etiam
1222 2971 1339 3036 litteris

289 3088 404 3153 leuiter
418 3089 549 3154 inbutus
563 3089 638 3154 Piso
658 3098 737 3171 erat,
758 3089 853 3153 sicuti
870 3087 1050 3169 Memmius,
1070 3096 1103 3152 et
1116 3088 1338 3174 philosophias

289 3205 469 3292 Epicureae
497 3205 618 3288 eidem,
650 3227 788 3293 quorum
815 3204 942 3292 placitis
970 3205 1188 3272 abutebantur
1213 3218 1248 3272 ut
1269 3206 1337 3272 libi·

288 3320 380 3388 dines
401 3343 475 3387 suas
496 3333 688 3387 excusarent
709 3333 741 3387 et
759 3322 1030 3405 commendarent,
1056 3333 1194 3412 uterque
1209 3325 1338 3392 deditus

286 3438 347 3504 fuit
369 3439 425 3522 (of.
447 3437 480 3502 in
502 3439 654 3505 Pisonem
675 3440 716 3505 25
737 3441 788 3504 59.
832 3439 873 3504 26
895 3439 945 3505 63.
987 3441 1028 3505 28
1049 3441 1115 3526 68).

368 3555 466 3621 Hune
485 3557 590 3622 loourn
612 3556 794 3642 relinquere
818 3579 881 3622 non
897 3579 1027 3644 possum
1049 3557 1124 3645 quin
1141 3558 1180 3623 de
1195 3559 1338 3624 earmina

287 3695 433 3756 mxvii,
454 3672 487 3739 in
509 3695 573 3762 quo
596 3684 694 3762 poeta
713 3676 744 3738 in
768 3674 921 3740 Porcium
944 3685 977 3739 et
995 3675 1220 3741 Socrationem
1243 3698 1261 3740 a
1285 3675 1338 3740 Pi·

289 3813 368 3856 sone
391 3791 556 3856 Verannio
585 3802 618 3855 et
645 3789 783 3857 Fabullo
813 3793 1014 3880 praepositos
1036 3791 1212 3872 inuehitur,
1233 3814 1339 3879 pauoa

288 3907 402 3975 dicam.
456 3918 549 3975 erant
575 3907 620 3974 illi
648 3908 782 3996 perinde
804 3919 901 4000 atque
928 3907 1049 3979 Ostulli
1071 3909 1166 3976 amici
1184 3909 1336 3976 Pisonem
