2920 4492
262 401 289 452 Π
323 399 371 452 DE
389 397 493 454 ems
509 397 643 451 Nl‘lsm
659 397 707 450 ΕΤ
724 397 855 451 usum
872 397 1027 452 osmu
1137 399 1170 453 15

118 577 231 634 contre
254 566 442 633 sdcurutsm
457 563 714 653 disquisitionem
735 585 864 630 csrmen
880 567 925 630 mi
948 564 1062 653 exigit,
1084 563 1171 652 quod

119 685 270 751 omnibus
310 683 379 748 fere
418 681 638 769 grammaticis
677 683 855 748 certissimo
886 680 948 747 fuit
978 679 1171 747 documento

118 799 361 888 Hieronymum
390 799 472 866 isles
499 799 679 882 rettulisse,
720 799 839 887 quippe
867 798 955 887 quod
986 797 1046 864 sub
1074 797 1172 864 linem

119 917 194 983 unni
227 917 347 994 707s47
370 916 526 1003 scriptum
548 935 618 981 esse
639 916 711 981 luce
733 925 818 982 esset
838 915 965 982 olemus.
1007 937 1070 1001 ege
1094 913 1170 981 dum

120 1035 221 1122 igitur
243 1033 453 1100 exoribsmus
474 1055 725 1122 ensrremusque
745 1055 876 1100 carmen
896 1031 974 1098 illud
995 1031 1170 1100 conclame-

117 1161 186 1218 tum
207 1151 303 1216 hisce
325 1159 479 1240 quattuor
500 1151 648 1218 uersibus
669 1159 871 1238 concep‘sum,

274 1325 367 1406 Quid
387 1337 442 1410 est,
465 1325 611 1392 osselle?
651 1325 728 1414 quid
746 1327 879 1392 moron'e
900 1325 997 1391 emori
1008 1331 1024 1390 i

269 1441 405 1506 cellesis
425 1443 529 1506 cundi
548 1440 673 1508 Smmo
694 1443 817 1508 Nouius
837 1445 928 1526 sedet,

268 1581 331 1643 per
351 1558 541 1624 commistum
558 1560 682 1644 peierat
710 1559 855 1626 Vatinius
874 1581 882 1622 :

270 1675 352 1762 qnid
371 1687 425 1758 est,
448 1671 594 1740 Quale?
634 1673 711 1762 quid
729 1677 864 1742 moraris
884 1677 980 1744 emori
990 1683 1007 1742 7

200 1850 234 1914 A
257 1869 359 1914 uersu
381 1847 523 1914 mcuudo
545 1848 736 1936 explicando
763 1847 890 1915 initium
918 1849 1100 1938 capiemus,
1130 1849 1171 1918 de

119 1987 183 2055 quo
211 1973 348 2054 prostes·
375 1963 575 2053 Sosligerum
596 1967 638 2032 A.
661 1965 832 2032 Huskhius
854 1965 902 2050 (in
923 1966 1028 2034 Psulii
1049 1968 1171 2056 enoyol

117 2105 139 2146 v
157 2083 236 2170 688)
260 2083 307 2151 G.
330 2083 510 2149 Teuffelius
529 2087 574 2166 (u.
595 2103 692 2150 curm.
715 2080 834 2150 Getulli
863 2083 982 2151 selecto.
1001 2086 1036 2151 in
1058 2082 1171 2152 Germ.

118 2219 268 2267 concers.
305 2197 429 2284 Sluttg.
464 2199 545 2265 1855
572 2221 603 2288 p.
632 2199 684 2265 53.
711 2199 776 2285 54)
807 2199 850 2267 Η.
880 2200 1089 2268 Lehmannus
1123 2203 1172 2289 (in

119 2317 357 2406 supplementis
385 2315 541 2404 philologi
568 2313 780 2383 Leulsohioni
806 2315 925 2401 11205)
953 2317 1171 2386 coniecturum

119 2442 373 2522 proposuerunt.
416 2431 566 2521 Scaliger
585 2432 620 2499 in
641 2433 720 2499 locis
741 2433 866 2502 duobus
887 2433 928 2499 sd
949 2435 1049 2502 Attio.
1072 2457 1093 2501 n
1114 2435 1173 2502 92

118 2561 152 2616 et
169 2549 205 2616 in
227 2549 344 2618 Vetin.
368 2550 408 2617 16
428 2551 487 2632 39,
517 2549 635 2638 quibus
656 2541 771 2616 Cicero
797 2559 951 2617 strumam
973 2549 1097 2618 Vatinii
1119 2553 1173 2637 (es

120 2669 205 2734 enim
233 2689 312 2735 eum
340 2668 505 2735 lsboresse
537 2675 680 2750 constet,
713 2666 752 2733 oi
779 2666 865 2734 Plut.
894 2665 963 2735 cic.
985 2667 1016 2734 9.
1044 2669 1097 2735 26.
1139 2668 1174 2734 iu

120 2785 229 2852 Vstiu.
253 2786 277 2852 2
298 2785 331 2852 4.
368 2786 390 2850 4
412 2786 452 2852 10
470 2805 544 2850 eum
558 2784 657 2850 schol.
672 2783 756 2853 Bob.
776 2805 810 2872 p.
832 2785 894 2851 316
914 2783 983 2852 cie.
1004 2807 1063 2873 pro
1086 2783 1171 2853 Soet.

118 2903 247 2970 55135
269 2923 345 2967 cum
368 2901 466 2968 schol.
488 2899 570 2968 Bob.
592 2922 623 2989 p.
644 2901 721 2985 310)
743 2901 1016 2986 commemorauit,
1040 2924 1100 2990 pro
1120 2901 1174 2969 ed-

119 3018 283 3106 pollstiuo
304 3019 435 3084 nomine
456 3017 622 3107 proprium
652 3016 824 3086 restituens
845 3016 1010 3085 Strumem
1030 3017 1174 3086 Nonium

120 3135 241 3203 catulli
269 3137 483 3202 resuscitasse
511 3135 572 3204 sibi
593 3137 683 3202 uisus
705 3145 755 3203 est
776 3159 784 3201 ε
808 3137 916 3202 omnis
936 3159 1051 3225 porum
1071 3137 1173 3204 consi·

120 3251 253 3336 dorsis,
284 3260 324 3319 nt
345 3252 451 3342 quinis
471 3253 641 3341 intellegit.
692 3251 851 3341 Scaligeri
883 3273 973 3318 error
1003 3253 1174 3341 primasius

119 3371 179 3436 fuit
209 3367 305 3460 quod
334 3365 500 3436 Strumem
525 3393 591 3437 non
618 3380 686 3437 tom
719 3369 896 3436 conuitium
927 3373 1025 3458 q'uum
1059 3393 1173 3438 uerum

119 3507 307 3574 cognomen
329 3483 430 3551 Nonii
454 3487 552 3552 luisse
572 3487 710 3575 putauit.
753 3486 891 3574 primum
913 3487 998 3552 enim
1021 3483 1174 3556 Strumae

120 3623 305 3690 cognomen
327 3623 487 3689 nusquam
502 3601 591 3690 quod
605 3603 704 3668 soism
719 3603 892 3685 inuenitur,
913 3604 1031 3671 nedum
1045 3604 1079 3671 N
1080 3607 1173 3673 onius

121 3719 251 3808 quidum
275 3719 363 3786 alius
384 3717 517 3786 Sironis
539 3743 547 3784 s
569 3719 686 3786 deinde
707 3720 864 3786 Boethius
885 3721 958 3787 loco
971 3743 1068 3810 quom
1089 3723 1175 3790 infra

122 3835 343 3904 descnlscmus
373 3833 455 3900 illud
477 3859 537 3925 pro
559 3837 701 3902 conuitio
723 3836 836 3906 hebuit
864 3859 970 3926 neque
991 3839 1105 3924 ulitur,
1136 3849 1175 3907 nt

120 3951 258 4036 uideor,
281 3950 409 4019 Murius
431 3951 619 4020 Victorinus
639 3955 686 4042 (p.
707 3953 791 4020 2515
811 3953 849 4021 Ρ.
876 3953 1175 4120 11431115115111,
