2954 4492
449 311 486 364 v1
525 311 574 364 DE
588 311 768 366 sucumve
787 311 941 366 cervum
1177 314 1226 366 187

174 479 232 570 qui
254 499 329 548 eum
362 477 526 546 dubitaret
552 499 630 546 num
652 477 800 546 Catullus
824 479 857 544 in
877 479 962 546 libro
983 479 1110 568 qualem
1131 478 1227 548 hubo

173 619 250 666 mus
271 596 422 664 multos
442 617 569 664 umores
589 606 720 684 praeter
741 594 880 664 Lesbiee
904 617 1046 664 amorem
1066 597 1228 684 uulgaret,

174 713 335 782 Ouidium
355 713 398 780 ad
422 713 565 782 carmine
593 711 750 782 amatoris
775 721 891 802 poetae
912 713 1110 780 Veronensis
1131 713 1228 782 hodie

174 831 299 900 amissa
326 829 507 920 respexisse
534 829 681 896 coniecit
724 829 782 896 sed
811 829 889 896 dum
915 830 1011 898 modo
1039 851 1152 898 uersus
1174 831 1236 904 ille,

175 950 215 1016 sis
244 950 351 1037 quesbus
378 949 451 1036 ipse
469 970 562 1014 suum
579 947 700 1034 fasw
720 945 935 1014 ausonense
954 956 1042 1014 recte
1062 946 1229 1036 intellege·

176 1076 253 1150 tur,
284 1063 398 1134 Ouidii
418 1065 520 1134 uerba
541 1087 584 1132 ex
605 1064 652 1131 eis
674 1061 794 1132 Catulli
815 1062 1013 1132 carminibus
1036 1085 1120 1154 quae
1142 1087 1229 1132 man·

175 1190 292 1250 serunt
317 1183 396 1250 satis
426 1181 593 1249 commode
613 1180 769 1271 explicari
789 1191 934 1270 possunt
975 1203 1052 1248 nam
1072 1203 1146 1248 cum
1167 1178 1228 1250 Os·

176 1299 253 1368 tulli
273 1300 417 1368 carmine
439 1299 598 1367 amatoris
624 1299 666 1366 ad
686 1297 881 1386 Ipsitbillam
910 1297 953 1366 ad
978 1298 1165 1366 Ametinum
1186 1297 1228 1366 sd

177 1415 366 1484 Aufilenam
387 1414 429 1483 sd
450 1415 636 1482 quentium
657 1415 777 1505 scripta
797 1413 892 1482 nobis
913 1425 1042 1482 seruata
1061 1415 1141 1499 sint,
1162 1437 1228 1484 nou

177 1545 230 1602 est
258 1532 346 1622 quod
374 1531 416 1600 sd
442 1531 560 1600 amisse
586 1533 731 1600 carmina
756 1531 877 1601 Catulli
906 1554 1130 1620 prouocemus.
1173 1531 1228 1599 ad·

177 1649 330 1720 ultorium
350 1672 429 1718 uero
452 1649 619 1734 Catullus,
647 1660 684 1717 ut
705 1671 747 1718 ex
767 1649 880 1718 Ouidii
900 1659 1009 1718 mente
1029 1651 1161 1739 loquar,
1189 1671 1228 1716 eo

176 1767 355 1852 commisit,
388 1766 496 1857 quod,
528 1791 603 1834 oum
623 1768 775 1836 Lesbiam
801 1777 941 1851 emeret,
975 1767 1109 1836 diuum
1131 1766 1228 1834 etiam

175 1887 372 1954 feminarum
393 1907 504 1953 amore
525 1907 603 1953 usus
623 1897 683 1954 est.
725 1909 800 1954 num
821 1885 950 1969 Lesbia,
971 1909 1045 1953 cum
1062 1907 1083 1951 a
1098 1881 1228 1952 Catullo

176 2023 260 2093 prae
287 2004 402 2070 ceteris
423 2001 551 2068 feminis
572 2001 727 2070 eximium
747 2003 782 2068 iu
802 2000 933 2069 modum
955 2002 1117 2070 celebrata
1137 2024 1228 2092 prae

177 2122 274 2211 cipue
296 2119 365 2188 eius
386 2122 491 2186 amica
511 2118 684 2186 haberetur
704 2119 753 2206 (id
776 2119 861 2208 quod
883 2141 926 2187 ex
939 2120 1019 2187 locis
1033 2120 1227 2208 scriptorum

178 2261 263 2331 quos
283 2262 314 2328 p.
334 2239 376 2306 53
398 2238 545 2326 congessi
567 2237 775 2304 manifestum
795 2240 873 2322 est),
896 2236 1016 2305 Ouidio
1039 2237 1132 2326 quasi
1152 2235 1228 2326 legi-

176 2357 268 2442 timi,
299 2366 337 2424 ut
366 2357 413 2423 ita
442 2354 567 2438 dicem,
603 2375 728 2421 umores
755 2354 954 2422 Veronensis
982 2363 1098 2444 poetae
1129 2355 1229 2422 fuisse

177 2475 361 2543 uidebatur.
403 2481 548 2542 ceterum
569 2471 626 2539 uix
647 2471 803 2561 estquod
825 2471 979 2542 Ouidium
1001 2493 1229 2539 commemore-

157 2603 259 2675 mus,
280 2613 353 2658 eum
375 2590 417 2658 de
439 2588 596 2658 adulterio
618 2589 791 2675 scriberet,
813 2599 961 2679 tempora
982 2590 1099 2678 quibus
1120 2590 1228 2677 singu·

175 2711 281 2776 larum
302 2709 495 2776 femmarum
517 2729 659 2775 amorem
675 2705 823 2775 Catullus
843 2707 937 2794 petiit
958 2717 991 2772 et
1012 2727 1124 2773 eorum
1145 2707 1227 2774 ordi·

176 2848 251 2894 nem
280 2826 462 2914 neglexisse
491 2833 588 2913 atque
618 2825 658 2892 de
686 2823 815 2916 Catullo
836 2823 918 2891 fslsa
937 2824 1109 2892 rettulisse.
1152 2845 1228 2890 nem

177 2943 326 3011 Catullus
357 2965 532 3031 numquam
556 2943 631 3028 (hoo
653 2941 851 3009 confidenter
872 2941 938 3024 aio)
960 2964 1025 3008 uno
1047 2940 1227 3031 eodemque

176 3071 324 3149 temporo
353 3081 493 3128 amorem
524 3060 662 3126 duarum
681 3059 802 3126 nedum
824 3059 1024 3148 conplurium
1045 3058 1227 3148 puellarum

176 3177 355 3266 quaesiuit,
382 3175 417 3242 id
438 3178 526 3267 quod
553 3200 572 3244 e
599 3177 879 3266 disquisitionibus
907 3177 1025 3244 nostris
1052 3199 1137 3266 quae
1163 3175 1227 3250 ism

176 3303 332 3362 secuntur
354 3295 533 3362 luculenter
553 3295 729 3383 adparebit.

261 3411 314 3480 Ex
340 3411 489 3479 uorsibus
518 3413 619 3502 igitur
644 3435 725 3503 quos
745 3411 957 3501 suscripsimus
978 3413 1130 3479 carminis
1150 3409 1227 3481 duo·

177 3529 451 3619 dereptuegesimi
476 3529 649 3597 Getulliaui
683 3537 811 3618 poetam
841 3529 1049 3618 cognoscitur
1078 3529 1153 3597 inde
1184 3528 1227 3596 ab

177 3645 395 3715 adulescentia
417 3646 548 3714 ineunte
563 3649 664 3732 (anno
680 3646 765 3714 enim
781 3645 895 3716 aetatis
909 3647 978 3712 fere
991 3657 1084 3715 sexto
1100 3645 1226 3714 docimo

175 3777 289 3855 togam
319 3763 447 3832 uirilem
475 3765 567 3853 pueri
593 3763 762 3832 adsumere
789 3764 951 3852 solebant)
981 3763 1145 3832 umoribus
1171 3786 1226 3830 ua-

175 3905 276 3952 casse.
320 3891 490 3972 presteras
520 3903 562 3950 ex
594 3881 641 3948 eis
673 3901 756 3970 quae
787 3881 828 3949 do
856 3891 1002 3974 tempore
1035 3903 1100 3970 quo
1131 3890 1227 3970 poeta
