2954 4492
225 369 230 380 ·
272 363 319 412 100
553 357 577 406 V
611 355 658 409 DE
677 355 856 409 moresve
872 355 1027 409 cervum

268 524 501 613 turpitudinem
531 534 662 590 ornatus
692 522 799 590 clodii
825 522 990 590 muliebris
1018 533 1051 590 et
1082 523 1317 611 turpitudinem

269 665 394 708 morum
427 645 496 708 eius
526 642 581 731 qui
613 665 633 707 a
662 643 838 724 maiorum,
875 642 992 729 quibus
1024 641 1100 706 olim
1131 662 1316 728 cognomen

268 760 460 826 Pulcrorum
482 759 597 825 honori
620 769 719 840 esset,
748 759 866 824 uirtute
888 757 1077 842 defecisset,
1099 757 1207 823 uerbis
1228 758 1318 824 hisce

268 886 351 942 tecte
373 877 579 942 cauillsretur
593 899 602 940 t
617 876 720 952 eredo,
740 887 901 962 postquam
922 877 1079 960 speculam
1101 877 1156 939 talei
1174 874 1319 940 adlatam

268 1005 318 1070 eet,
341 997 427 1084 lanpe
447 1008 474 1060 te
495 1019 515 1059 a
535 995 658 1080 pulcris
678 996 781 1058 adesse
807 994 934 1057 namneti
952 1015 959 1056 :
982 991 1015 1056 id
1036 991 1123 1079 quod
1145 992 1320 1058 scholiasta

268 1111 438 1179 Bobiensis
453 1135 484 1200 p.
500 1111 561 1176 337
577 1112 660 1176 bene
676 1109 826 1198 dispexit,
847 1109 1054 1195 feetrirlese'me
1075 1112 1168 1175 simul
1186 1122 1214 1174 et
1234 1109 1319 1174 nobi-

266 1229 382 1294 litatem
416 1232 539 1317 qenere'e
561 1229 747 1314 infamatam
780 1241 807 1292 et
832 1252 930 1292 mores
957 1227 1110 1313 femineos
1137 1229 1171 1292 in
1199 1227 1323 1313 speculi

268 1347 519 1430 contemplatione
548 1345 684 1428 detemt,
714 1367 774 1431 qao
795 1343 891 1423 ferme
912 1343 959 1408 ad
979 1346 1201 1430 explorandam
1223 1366 1320 1409 carae

268 1485 341 1526 serae
372 1465 557 1548 diIryentiam
584 1463 723 1526 mulieres
750 1467 795 1526 ati
822 1461 926 1526 solent.
969 1485 1039 1548 erqo
1067 1472 1095 1525 et
1121 1461 1316 1527 inliberalem

263 1578 403 1663 floream
435 1578 550 1663 probro
582 1577 666 1642 dedit
691 1589 719 1642 et
746 1581 896 1643 maloram
924 1600 1046 1642 suoram
1073 1577 1317 1642 diselmrlle'mem

269 1707 447 1761 contestatae
470 1707 522 1761 est.
564 1719 636 1760 nam
650 1693 723 1780 fait
743 1695 799 1760 loc
816 1694 968 1761 Claadsise
989 1693 1134 1777 familiae
1154 1716 1318 1782 eopnomen

270 1813 405 1878 inlustre.
449 1812 506 1878 uix
528 1822 635 1878 antem
657 1822 704 1876 est
721 1812 806 1901 quod
820 1812 937 1878 eddam
955 1812 1161 1880 scholiastem
1177 1811 1318 1877 delacio

272 1928 408 1993 deformi
431 1927 537 1994 Clodii
558 1951 599 1994 ne
619 1929 753 1994 uerbum
775 1911 905 2015 quidem
928 1927 1056 1994 dixisse.
1091 1938 1160 1993 tum
1183 1925 1317 1994 Clodius

267 2044 420 2112 simulans
447 2068 481 2110 se
511 2067 594 2134 quae
623 2045 738 2112 Oicero
761 2045 801 2110 de
821 2047 959 2112 uestitus
982 2055 1014 2110 et
1034 2067 1159 2110 morum
1180 2045 1318 2134 turpitu-

267 2161 341 2227 dine
375 2162 457 2228 dixit
485 2163 525 2228 de
545 2163 639 2229 faciei
665 2162 871 2229 deformitate
905 2163 1120 2247 intellexisse,
1148 2163 1246 2246 hoec,
1280 2172 1317 2230 ut

268 2279 374 2345 Beieri
407 2281 515 2348 uerbis
536 2291 624 2362 ater,
656 2280 690 2346 in
711 2280 854 2346 Tullium
875 2281 1014 2346 coniecit
1034 2293 1066 2345 at
1085 2305 1152 2346 eom
1172 2281 1256 2348 lamed
1275 2286 1318 2346 tta

266 2399 413 2462 inliberali
423 2397 521 2482 facte
542 2421 550 2462 ι
570 2397 687 2485 quibus
717 2395 833 2464 Cicero
855 2399 963 2464 uerbis
993 2397 1056 2464 illis
1079 2421 1163 2488 quoe
1186 2421 1228 2464 ex
1250 2397 1317 2464 Ru·

267 2513 386 2578 finiano
409 2514 643 2602 adsumpsimus
664 2515 840 2603 respondit.
882 2515 947 2583 iem
968 2515 995 2581 si
1016 2539 1129 2581 sensus
1145 2515 1317 2603 egregium

267 2653 478 2720 progressum
500 2641 532 2697 et
553 2630 777 2718 gradationem
800 2631 1002 2714 consideras,
1034 2631 1151 2698 deinde
1172 2631 1317 2698 similitu-

267 2750 375 2816 dinem
396 2771 479 2836 quae
507 2749 591 2814 inter
613 2760 722 2816 cetera
749 2750 967 2818 altercationis
994 2749 1078 2816 illius
1106 2749 1255 2838 exemplo
1284 2759 1317 2815 et

266 2867 329 2931 hoc
351 2887 462 2932 recens
488 2867 713 2933 concinnatum
735 2868 926 2950 intercedit,
954 2865 1073 2956 quippe
1103 2888 1185 2956 quse
1208 2869 1317 2932 omnia

269 2983 341 3049 lusu
373 2983 545 3050 uerborum
569 2985 710 3073 quodam
732 2985 913 3052 efficiantur
935 2984 991 3070 (of.
1013 2985 1046 3049 in
1067 2985 1178 3072 primis
1200 2983 1317 3049 similli-

268 3123 353 3165 mam
384 3099 521 3165 nominis
546 3098 676 3188 'proprii
706 3111 738 3168 et
775 3101 962 3188 adpellatiui
982 3101 1250 3189 permutationem
1282 3103 1315 3167 in

267 3217 322 3282 illo
344 3241 446 3302 nepem
466 3217 612 3304 adpellas,
634 3241 705 3283 eum
720 3217 792 3282 Reor
806 3223 850 3282 toi
869 3223 1044 3283 mentionem
1057 3217 1176 3284 nullam
1193 3218 1314 3304 fecerit,

269 3333 309 3399 cf.
340 3335 381 3400 ed
411 3337 477 3402 Att.
508 3359 527 3402 ιι
552 3335 687 3420 1610),
718 3334 856 3424 denique
887 3336 914 3400 si
945 3345 1077 3422 reputas
1107 3357 1207 3424 quam
1238 3345 1315 3424 apte

269 3472 385 3515 nornen
406 3443 567 3518 ‘catamiti‘
587 3452 620 3517 in
648 3450 797 3518 Clodium
826 3451 980 3540 quadret,
1013 3451 1122 3518 Beieri
1154 3453 1314 3520 restitutio

268 3566 367 3634 totius
388 3568 451 3634 loci
472 3569 638 3658 praeclare
660 3579 692 3634 et
710 3591 839 3635 sensnm
862 3567 1028 3636 Ciceronis
1054 3570 1188 3658 egregie
1211 3572 1315 3661 expri-

268 3705 356 3750 mere
378 3694 410 3750 et
431 3687 623 3751 resuscitare
644 3685 782 3751 uidetur.
825 3696 948 3751 tantum
963 3685 1063 3773 igitur
1077 3687 1170 3754 abest
1185 3697 1220 3754 ut
1241 3712 1314 3755 cum

268 3799 353 3866 Maio
375 3801 611 3866 deformitatem
633 3801 670 3866 P.
690 3799 795 3867 Clodii
816 3803 888 3867 loco
911 3803 966 3867 illo
991 3804 1221 3891 conprobatam
1244 3829 1315 3872 esse

268 3918 478 3997 arbitremur,
511 3929 547 3982 ut
575 3918 682 3982 locum
711 3919 801 3984 illum
831 3919 1031 4006 argumentis
1060 3923 1106 3986 eis
1129 3920 1315 3989 addendum
