2920 4492
277 375 312 426 tt
422 373 449 426 11
483 373 531 426 ns
550 372 653 426 sums
672 371 804 426 asum
822 373 869 426 ΕΤ
886 371 1019 426 saram
1036 371 1190 426 camus

274 563 350 606 cum
384 561 516 606 uersum
546 538 725 606 secuudum
755 538 941 605 memoriter
971 543 1087 604 citaret
1113 547 1146 604 et
1176 537 1286 605 Nonio
1310 563 1329 606 a

276 657 351 723 colli
373 666 503 723 tumore
524 656 666 745 quodam
696 678 878 744 cognomen
900 656 1021 722 infame
1043 664 1149 722 ortum
1172 677 1243 722 esse
1264 677 1330 722 me-

273 775 429 858 minisset,
453 771 606 842 Strumae
620 773 691 840 loco
707 773 921 840 scrofularum
936 797 1017 862 quaa
1031 773 1194 840 uocabant
1213 793 1329 840 caussa

274 893 307 956 in
338 891 472 958 Scrofae
501 913 618 958 nomen
649 889 772 957 incidit.
824 889 963 979 denique
990 889 1130 957 Plinium
1162 889 1247 957 idem
1286 891 1327 958 ‹le

273 1005 425 1075 Strumae
457 1007 587 1074 nomine
614 1008 777 1095 cogitasse
802 1006 892 1072 locus
924 1027 1020 1095 quem
1042 1029 1074 1094 p.
1098 1009 1138 1072 15
1159 1006 1327 1094 descripsi·

273 1146 344 1190 mus
368 1123 578 1208 demonstrat,
601 1146 666 1213 quo
688 1123 762 1212 quis
783 1123 911 1190 Nonius
934 1133 1064 1191 senator
1077 1123 1176 1192 fuerit
1194 1123 1327 1190 adcura-

271 1243 336 1308 tius
357 1241 597 1330 significaturus
627 1240 773 1322 Plinius,
801 1262 915 1306 uersus
944 1238 1117 1307 Catulliani
1148 1251 1327 1308 memoret

272 1359 410 1427 neminis
426 1359 593 1448 utriusque
609 1359 721 1426 ordine
737 1381 775 1424 eo
798 1381 863 1447 quo
878 1357 924 1424 uti
940 1357 1069 1425 Catullo
1090 1358 1241 1424 lubuerat
1262 1381 1327 1425 ser-

272 1485 361 1560 uato,
386 1475 476 1542 illum
497 1475 598 1542 filium
622 1473 773 1542 Strumae
796 1475 896 1541 Nonii
917 1475 984 1542 eius
1006 1497 1103 1564 quern
1124 1473 1271 1543 Catullus
1292 1475 1327 1540 in

272 1591 350 1658 aella
372 1593 475 1658 curuli
503 1593 608 1658 uisum
635 1591 771 1680 indigne
791 1591 918 1660 tulisset
939 1591 1031 1658 dixit.
1073 1591 1160 1658 unde
1180 1591 1324 1658 Nonium

273 1719 455 1777 senatorem
478 1707 630 1778 Strumae
658 1709 851 1798 cognomine
881 1711 1022 1776 caruisse
1049 1709 1196 1776 conicere
1216 1708 1324 1776 licetr

272 1849 337 1916 qne
358 1849 394 1893 re
413 1827 575 1894 sententia
596 1849 617 1892 a
637 1825 730 1893 nobis
750 1827 885 1895 defensa
906 1849 1024 1914 magno
1048 1849 1144 1917 opere
1165 1847 1324 1894 commen·
1450 1909 1451 1912 Ἴ

272 1944 376 2011 datur.
431 1943 539 2031 itaque
571 1943 741 2033 Scaligero
772 1945 893 2033 Vulpio
924 1944 1108 2012 Forcellino
1140 1943 1323 2034 Doeringio
1450 2009 1451 2046 Ξ

271 2061 344 2128 aliis
358 2059 461 2127 multo
476 2060 667 2148 prudentius
682 2061 853 2128 Haalrhius
868 2073 901 2129 et
915 2073 989 2152 post
1003 2084 1087 2146 cum,
1109 2063 1136 2130 si
1151 2062 1323 2150 Heysium,

271 2178 327 2268 qui
350 2178 526 2244 conuitium
554 2178 586 2244 in
617 2176 769 2246 Strumae
789 2180 919 2246 nomine
939 2179 1143 2246 reconditum
1164 2179 1322 2248 uertenda

269 2305 359 2362 recte
398 2295 574 2382 expressit,
611 2295 803 2381 omittimus,
840 2297 1017 2364 Teuffelius
1048 2307 1082 2363 et
1113 2287 1323 2364 Lehmermua

270 2411 526 2500 disputauerunt,
548 2433 621 2478 cum
643 2413 787 2481 Nonium
810 2415 1038 2503 Asprenatem,
1068 2413 1124 2503 qui
1144 2414 1187 2480 ab
1209 2414 1322 2480 muer

270 2528 361 2596 seriis
383 2529 450 2596 suis
464 2528 598 2596 connitii
609 2553 723 2597 caussa
737 2532 929 2617 cognomine
944 2529 1095 2600 Strumae
1106 2532 1211 2599 dictus
1227 2539 1322 2613 esset,

269 2668 289 2711 a
311 2642 440 2712 Catullo
462 2645 495 2711 in
518 2647 659 2714 carmine
683 2667 728 2714 Im
751 2658 1037 2716 commemoratum
1063 2669 1134 2715 esse
1165 2647 1321 2714 dicerent.

269 2760 434 2829 Catullum
463 2762 547 2828 enim
576 2765 628 2849 (ut
657 2787 741 2856 quae
768 2763 976 2832 Lehmannns
1004 2765 1066 2832 hac
1094 2765 1134 2831 de
1160 2785 1196 2831 re
1216 2785 1322 2854 nuper

269 2877 447 2968 disputauit
462 2879 605 2948 breuiter
624 2883 898 2969 conprehendam)
914 2881 1047 2950 Caesari
1068 2881 1322 2948 inimicissimum

268 2997 385 3079 fuisse,
420 2997 587 3064 Vatinium
615 3009 728 3065 contra
754 2999 840 3065 illius
870 2997 1003 3066 consilia
1029 2998 1093 3066 lide
1124 2997 1267 3066 maxima
1287 3008 1321 3066 et

265 3114 425 3180 industria
453 3114 644 3181 adiunisse:
674 3137 775 3206 qnare
801 3139 874 3182 curn
903 3126 1001 3205 poeta
1026 3116 1088 3185 sibi
1115 3115 1320 3184 moriendum

267 3229 364 3314 dicat,
387 3232 464 3321 quia
478 3243 511 3298 et
525 3231 653 3298 Nonius
669 3243 702 3300 et
717 3233 868 3301 Vatinius
882 3235 1014 3300 summis
1028 3233 1178 3300 tuantur
1191 3233 1318 3300 henori-

266 3345 343 3430 bus,
374 3347 516 3416 dubitari
545 3370 610 3416 non
631 3371 725 3436 posse
754 3351 832 3439 quin
858 3361 996 3440 uterque
1017 3349 1150 3418 Caesari
1170 3349 1319 3417 addictus

265 3461 372 3528 suerit.
414 3463 480 3531 iarn
500 3487 581 3533 uero
602 3489 676 3532 cum
693 3467 858 3555 Asprenas
880 3467 1010 3557 quidam
1039 3467 1211 3555 proconsul
1239 3467 1321 3536 Cae·

267 3600 372 3644 sarem
389 3579 593 3648 aduersarios
607 3582 693 3649 bello
707 3584 865 3651 Africano
883 3595 1131 3673 persequentem
1146 3585 1320 3652 comitatus

263 3696 306 3762 ab
336 3695 398 3762 hec
430 3696 532 3764 aciem
562 3697 651 3786 apud
678 3698 846 3788 Thapsum
876 3722 961 3766 anno
983 3700 1100 3778 708l46
1121 3701 1317 3768 instructore

264 3833 337 3878 cnm
353 3812 479 3880 duabus
493 3813 678 3902 legionibus
694 3816 725 3881 in
746 3816 908 3904 praesidio
922 3827 1101 3884 castrorum
1121 3817 1254 3884 relictus
1275 3816 1318 3884 sit

265 3927 314 4014 (u.
337 3929 412 3996 bell.
434 3930 506 3997 Afr.
528 3931 584 4014 80)
606 3939 639 3998 et
666 3953 752 3999 anno
782 3933 967 4023 insequenti
995 3933 1119 4025 equites
1150 3957 1192 4002 ex
1219 3934 1318 4004 Italia
