2920 4492
452 369 466 419 1
500 367 548 418 De
565 365 759 420 somnusve
775 365 929 418 camel
1176 368 1204 416 11

239 535 286 598 At
314 533 395 620 quid
427 535 512 598 bunc
539 532 642 598 locurn
666 543 862 621 corruptum¹
875 530 996 597 diutius
1017 531 1206 638 moramur?

160 649 292 736 quando
315 649 449 738 qnidam
472 649 700 716 Lachmannus
724 649 839 730 Quinti
860 671 1070 736 praenomen,
1094 648 1154 714 nisi
1176 647 1207 712 id

158 766 290 833 Catullo
319 769 422 832 fuisse
452 789 493 832 ex
523 767 593 832 aliis
621 765 813 854 quibusdam
836 767 1034 852 argumentis
1055 764 1118 831 sibi
1139 787 1208 853 per·

156 886 323 965 suasisset,
344 885 494 970 proiecto
516 885 621 948 uersui
637 883 761 948 illinon
777 882 972 948 inseruisset.
1016 883 1209 971 opinabatur

157 1013 269 1066 autem
298 1000 376 1068 illud
408 1000 671 1088 inscriptionibus
698 1001 851 1066 librorum
880 1023 944 1066 non
966 998 1125 1066 nullorum
1149 999 1208 1066 Oe·

159 1117 369 1186 tullianorum
391 1129 424 1182 et
444 1119 515 1182 loco
530 1116 627 1182 Plinii
649 1117 789 1204 quodam
805 1118 884 1184 satis
903 1115 1043 1181 defendi.
1079 1115 1120 1180 de
1141 1115 1208 1204 qui·

161 1234 223 1300 bus
245 1235 343 1301 rebus
365 1233 443 1322 quid
458 1235 661 1300 statuendum
678 1235 718 1299 sit
734 1235 795 1300 iam
811 1233 904 1300 nobis
920 1232 1208 1320 peruestigendnm

158 1362 219 1416 est.
270 1363 369 1439 etque
401 1351 538 1438 primurn
570 1351 770 1439 inquiremus
806 1331 991 1439 numquid
1021 1351 1061 1416 de
1089 1349 1208 1416 Catulli

158 1469 369 1555 praenomine
391 1489 433 1534 ex
455 1466 621 1533 codicibus
637 1465 827 1533 Catullianis
849 1468 1001 1552 cognosci
1024 1466 1134 1554 possit.
1176 1476 1209 1532 et

160 1587 193 1650 in
223 1585 313 1650 libris
342 1584 506 1672 pictisque
537 1584 684 1650 omnibus
719 1593 751 1648 et
782 1583 915 1649 sinceris
945 1596 978 1650 et
1009 1583 1209 1670 interpolatis

161 1723 357 1788 praenomen
385 1712 502 1788 poetae
530 1700 624 1792 plane
658 1700 837 1782 omittitur,
869 1700 967 1766 ueluti
1000 1701 1032 1766 in
1062 1703 1207 1766 omnium

162 1817 384 1904 antiquissimo
419 1809 585 1884 'Phaenea¹
608 1816 808 1884 Santeniano
840 1817 899 1901 (L)
934 1818 1209 1904 sangermanensi

163 1935 354 2002 Colbertiuo
376 1933 531 2000 Parisinis
550 1933 677 2000 duobus
700 1935 797 2017 (7989
819 1945 851 2000 et
873 1935 955 1999 7990
975 1935 1072 2012 =P1
1098 1945 1131 1999 et
1152 1934 1206 2018 Ρ.)

164 2051 311 2118 Puteano
332 2051 528 2118 Memmiano
550 2051 711 2117 Gudianis
732 2051 857 2122 duobus
879 2052 956 2135 (283
978 2063 1010 2118 et
1030 2051 1148 2117 332=
1162 2050 1207 2128 Οτι
1284 2057 1287 2064 “

161 2179 196 2234 et
216 2166 278 2248 G.)
300 2165 479 2234 Dreadensi
499 2176 543 2246 (ιι.
566 2167 716 2254 Silligine
735 2168 769 2233 iu
790 2168 895 2234 Iahnii
922 2168 1014 2234 nouis
1039 2169 1208 2234 annalibus

161 2307 214 2350 xtra
243 2283 321 2368 284)
351 2283 593 2371 Hamburgeusi
621 2285 848 2350 Laurentiauis
879 2285 982 2352 tribus
1014 2295 1209 2373 quattuorue

163 2403 208 2484 (ιι.
222 2399 383 2468 Haacbkii
399 2400 535 2466 analect.
550 2401 647 2496 litter.
669 2423 699 2488 p.
713 2401 781 2485 47).
825 2379 965 2488 denique
985 2423 1096 2468 omnes
1113 2401 1209 2468 etiem

161 2517 297 2584 Achillis
318 2517 417 2585 Statii
439 2529 472 2584 et
494 2519 597 2586 Isaaoi
622 2518 726 2586 Vossii
748 2517 886 2602 codices,
908 2519 939 2583 id
963 2519 1050 2607 quod
1071 2541 1113 2586 ex
1139 2541 1209 2586 usr-

163 2637 212 2702 bis
232 2657 316 2723 qnae
338 2635 378 2702 do
393 2633 601 2722 praenomine
615 2631 734 2700 Catulli
750 2635 782 2700 in
797 2635 969 2722 prooemiis
983 2637 1048 2702 suis
1062 2637 1210 2702 iecerunt

159 2753 323 2839 conligere
354 2750 449 2827 licet,
484 2749 703 2838 praenominis
738 2763 816 2819 nota
851 2763 1053 2819 caruerunt·
1097 2763 1209 2820 contra

158 2869 289 2935 codices
305 2867 338 2934 in
355 2867 474 2956 quibus
485 2889 680 2956 praenomen
697 2867 809 2950 Quinti
824 2845 1009 2956 cognomini
1025 2881 1141 2958 poetae
1155 2870 1209 2936 ad·

160 2985 262 3052 ditum
294 2995 346 3052 eat
371 2984 477 3052 adhuc
505 2997 571 3050 tres
599 2984 668 3052 noti
696 2996 772 3053 sunt
798 2987 947 3052 Datanus
975 2986 1209 3053 Ricoardianus

160 3099 372 3182 Gelasimus,
403 3125 463 3168 nec
488 3103 597 3190 plures
618 3125 626 3168 :
649 3103 736 3190 quod
765 3101 837 3168 dico
858 3125 899 3168 ne
920 3104 992 3190 quis
1013 3125 1071 3190 per
1092 3103 1210 3170 Pulda·

160 3241 247 3286 mum
267 3219 301 3282 in
315 3239 457 3284 errorem
472 3220 653 3301 seducatur,
676 3219 731 3307 qui
746 3220 805 3286 etsi
820 3221 940 3286 nullius
953 3221 1025 3286 libri
1042 3219 1083 3302 Q.
1099 3195 1209 3286 notem

160 3335 346 3423 praebentis
372 3345 500 3423 praeter
528 3357 583 3402 eos
606 3359 687 3425 quos
708 3338 893 3402 enumersui
915 3337 1064 3404 notitiam
1086 3338 1208 3420 babuit,

161 3456 269 3520 nmen
298 3453 333 3518 in
359 3452 467 3519 libello
495 3452 537 3518 ds
564 3455 655 3540 poesi
681 3453 902 3520 Romanorum
931 3456 1089 3520 amatoria
1114 3479 1145 3544 p.
1166 3457 1208 3520 24

161 3569 194 3635 in
215 3569 288 3636 aliis
308 3591 440 3658 quoqne
468 3569 632 3637 codicibus
657 3571 810 3650 minoris,
841 3571 975 3650 nteit,
1003 3573 1099 3660 pretii
1129 3572 1208 3638 illud

162 3697 274 3752 extare
294 3696 416 3752 temere
438 3687 590 3753 ariolatus
610 3698 666 3752 eet.
710 3687 812 3754 tribue
827 3689 927 3775 igitur
941 3688 1002 3753 illis
1016 3688 1209 3754 testimoniis

163 3804 329 3890 quaeritur
350 3813 506 3892 qnantum
527 3795 727 3902 auctoritatis
748 3803 833 3872 insit.
877 3816 974 3892 atque
996 3806 1152 3893 primum,
1182 3805 1208 3870 si

165 3930 302 3988 aetatem
329 3931 529 4010 spectamus,
561 3921 634 3986 libri
662 3931 727 3990 tres
756 3944 839 4010 quos
867 3921 1008 3988 diximus
1035 3941 1209 3990 enumero
