2970 4484
742 1399 849 1484 VIII

379 1605 487 1694 Supra
526 1627 599 1672 cum
635 1607 674 1673 de
709 1605 823 1673 itinere
860 1605 1032 1695 Bithynico
1066 1607 1318 1698 disputaremus,

275 1725 383 1790 fratris
420 1722 540 1790 Catulli
572 1724 765 1790 mentionem
796 1724 860 1789 iam
893 1725 1043 1807 fecimus,
1090 1725 1131 1790 de
1157 1747 1222 1814 quo
1254 1728 1317 1792 iam

273 1840 381 1930 paullo
423 1839 607 1908 adcuratius
648 1839 874 1928 inquirendum
917 1850 977 1907 est.
1041 1860 1126 1932 quae
1169 1839 1317 1908 Catullus

274 1956 315 2023 da
342 1958 443 2024 fratrc
473 1980 531 2024 auo
572 1957 696 2024 rettulit
734 1958 841 2022 omnia
882 1957 921 2022 ad
958 1957 1027 2023 eius
1059 1966 1195 2024 mortem
1227 1981 1316 2045 spea-

273 2082 343 2141 tant
384 2082 482 2162 atque
529 2084 643 2163 poetae
681 2074 716 2140 in
753 2072 886 2139 fratrem
927 2074 1071 2140 animum
1111 2073 1242 2162 pietatis
1284 2084 1316 2141 et

273 2189 390 2256 amoris
422 2189 642 2278 plenissimum
675 2189 807 2280 egregie
834 2197 1006 2256 testantur.
1049 2201 1158 2258 tamen
1187 2201 1316 2280 praeter

272 2306 350 2372 illud
372 2327 500 2373 cannen
522 2325 571 2390 cr,
594 2307 680 2395 quod
702 2306 798 2374 modo
819 2308 1161 2392 commemorauimus,
1193 2310 1314 2375 nullum

271 2423 304 2490 in
336 2423 525 2491 Catullianis
561 2434 609 2489 est
644 2423 736 2490 fratri
774 2423 836 2511 ipsi
869 2423 1050 2491 dedicamm
1083 2448 1091 2490 ε
1124 2425 1180 2492 sed
1211 2425 1315 2492 tribus

271 2541 348 2606 locis
382 2539 559 2606 carminum
598 2541 639 2606 ad
670 2541 751 2607 alioe'
780 2542 950 2607 missorum
980 2551 1013 2608 ot
1045 2542 1124 2609 alias
1158 2541 1314 2630 quasdam

270 2678 322 2722 ree
358 2658 562 2724 tractantium
597 2659 689 2744 quasi
729 2658 898 2724 occasione
930 2658 1077 2745 quaesita
1109 2668 1143 2724 et
1178 2657 1313 2746 adrepto

268 2774 373 2862 magis
409 2795 507 2862 quam
542 2775 653 2842 oblata
684 2775 815 2841 fratrem
849 2775 983 2864 eiusque
1011 2785 1146 2842 mortem
1179 2775 1314 2845 inmota

269 2913 337 2958 ram
352 2891 493 2958 luctibus
517 2892 586 2956 siue
608 2890 898 2956 uehementissimis
920 2891 989 2956 siue
1004 2891 1186 2957 tenerrimis
1207 2913 1313 2977 prose

268 3007 387 3097 quitur.
429 3008 463 3073 hi
482 3009 545 3074 loci
569 3017 644 3074 snnt
665 3007 842 3074 carminum
863 3027 932 3073 nxv
948 3007 1314 3073 1-15nxv1n·19-26

268 3129 382 3192 varnb
394 3125 547 3191 91-100.
590 3124 680 3212 prius
702 3125 861 3213 quamde
883 3123 1019 3210 singulis
1040 3123 1089 3188 his
1111 3123 1192 3188 locis
1206 3123 1313 3211 dispu-

266 3251 391 3324 tamus,
423 3263 527 3328 panca
556 3241 596 3308 de
625 3241 775 3306 carminis
796 3259 827 3307 cr
849 3251 995 3328 tempore
1016 3239 1063 3306 eis
1083 3239 1201 3305 addere
1221 3240 1313 3306 lubet

265 3379 348 3444 quac
370 3380 467 3446 supra
489 3359 708 3446 exposuimus.
752 3357 838 3445 quod
859 3377 989 3422 cumen
1010 3357 1044 3422 in
1064 3357 1179 3422 itinere
1198 3355 1312 3445 Bithy·

264 3473 337 3539 nico
358 3474 511 3561 seriptum
535 3495 605 3540 esse
626 3475 740 3540 elucet
784 3483 818 3540 at
836 3482 944 3538 utrum
959 3495 1001 3538 ax
1017 3471 1111 3540 Italia
1132 3473 1247 3540 abiens
1269 3495 1311 3540 an

264 3610 304 3656 ex
323 3589 478 3677 Bithynia
508 3592 636 3658 rediens
664 3601 761 3677 poeta
786 3589 986 3677 conposuit?
1028 3610 1125 3676 supra
1145 3590 1180 3654 in
1201 3589 1310 3656 reditu

264 3705 416 3794 scriptum
456 3729 527 3772 esec
564 3707 768 3794 sumpsimus.
825 3705 912 3794 quod
954 3705 1072 3793 quibus
1107 3707 1309 3792 argumentis

261 3823 433 3889 fecerimus
452 3823 516 3890 iam
537 3823 707 3889 dicendum
729 3833 787 3889 est
829 3824 881 3890 uel
902 3822 1024 3910 priores
1045 3843 1158 3888 uersus
