2954 4492
270 319 319 370 trs
562 316 586 368 V
620 317 669 370 DE
687 315 867 372 snoufflvs
884 315 1042 370 curvent

367 505 430 550 roro
451 483 540 549 solur
559 485 635 550 tace
656 494 709 566 ast,
733 483 791 550 boe
813 495 857 550 ert
875 483 932 549 tibi
942 483 1186 570 paciscendum
1207 507 1215 550 τ

416 601 471 664 boc
494 602 606 676 fanco,
630 603 698 666 sisse
719 599 758 664 r'd
776 623 837 666 oon
854 611 923 685 pote
943 603 1009 666 nuc
1026 611 1106 684 pote.

267 761 306 805 eo
328 761 363 804 se
383 741 567 807 consolatus
583 739 670 830 quod
690 761 817 829 semper
831 762 910 827 erge
924 741 1076 808 Lesbiam
1089 739 1178 829 pium
1192 751 1226 807 et
1239 741 1314 808 fide

267 857 328 922 lem
350 878 384 922 se
413 857 611 945 praestiterit
638 879 742 944 neque
766 856 1040 924 admonitionibus
1063 857 1222 924 beniuolis
1248 881 1314 924 um·

268 995 365 1062 quam
386 973 565 1062 pepercerit
585 983 684 1062 poeta
690 1021 700 1058 ‚
730 997 803 1040 cum
823 972 992 1062 intellegat
1014 995 1141 1041 omnem
1162 974 1260 1041 fidem
1283 985 1315 1041 et

266 1112 361 1157 omne
382 1092 499 1157 amoris
520 1090 663 1157 studium
683 1091 805 1158 frustra
825 1112 846 1156 a
865 1113 900 1156 se
921 1100 1148 1180 consumptum
1169 1113 1250 1175 osse,
1272 1091 1314 1159 ad

267 1230 301 1273 se
322 1209 428 1297 ipsum
450 1228 626 1274 conuersus
647 1207 702 1290 ait,

443 1372 541 1437 quare
561 1349 626 1414 r'csm
647 1361 675 1414 tc
696 1371 752 1413 cur
772 1347 908 1435 amplius
930 1349 1118 1414 acenwa‘cs?

265 1489 383 1555 deinde
398 1489 475 1556 deos
497 1489 647 1578 inploret,
670 1489 762 1579 quasi
785 1512 820 1556 sc
840 1490 945 1579 ipsum
964 1491 1068 1557 solum
1088 1489 1219 1578 negotio
1239 1491 1316 1558 huie

266 1605 434 1674 subeundo
457 1628 522 1672 non
544 1607 621 1672 setis
642 1605 793 1674 idoneum
815 1617 849 1674 et
877 1605 1020 1674 ualidum
1042 1615 1153 1697 putet,
1183 1618 1221 1674 nt
1251 1607 1313 1674 sibi

263 1717 398 1812 ‘pestem
420 1732 453 1789 et
472 1717 655 1812 perniciem’
681 1723 769 1789 illam
791 1723 937 1811 eripient.
981 1746 1046 1811 quo
1075 1723 1160 1792 facto
1182 1747 1314 1792 carmen

265 1841 411 1906 uersibus
432 1840 481 1906 his
502 1839 621 1919 finitur,

348 2005 407 2048 noa
427 1985 489 2046 iam
509 1981 589 2046 illud
607 2003 721 2068 qssaew
743 1991 849 2046 contra
869 1991 902 2044 nt
921 2003 967 2045 me
988 1980 1097 2068 dsis'qot
1116 1982 1171 2048 r'lla

413 2109 474 2180 out,
496 2097 579 2185 quod
598 2121 658 2163 non
676 2098 756 2183 potis
776 2110 831 2180 est,
853 2121 917 2163 csse
935 2100 1054 2184 predica
1074 2101 1177 2164 uels't:

365 2215 435 2300 ipsc
454 2215 557 2280 calm
577 2226 644 2300 opto
665 2226 693 2280 ct
713 2225 840 2278 rounam
861 2215 1007 2301 deponere
1027 2215 1171 2281 morbum.

414 2355 432 2396 o
453 2331 498 2416 di,
520 2331 637 2396 reddite
655 2336 700 2397 osi
718 2335 772 2397 hoc
790 2355 850 2416 pro
866 2336 977 2418 pictate
997 2355 1073 2397 mea.

264 2473 374 2561 paullo
394 2483 469 2562 post
490 2482 546 2540 ant
567 2472 676 2561 paullo
698 2481 773 2540 ante
795 2494 892 2561 quam
909 2496 1039 2540 carmen
1061 2493 1163 2540 nxxvr
1185 2471 1314 2561 scripsit

266 2591 413 2658 Catullus
428 2612 558 2657 carmen
575 2605 690 2656 nxvru·
703 2593 758 2672 (=
774 2609 875 2658 uxvur
893 2591 1008 2672 1-40)
1023 2591 1109 2657 iecit
1138 2613 1212 2656 enm
1227 2589 1313 2656 enim

265 2707 407 2774 Manlius
434 2705 565 2794 quidam
593 2728 652 2795 per
681 2707 851 2795 epistulam
875 2705 1038 2774 Catullum
1067 2707 1249 2794 rogauisset
1278 2715 1314 2773 nt

266 2848 300 2892 se
333 2824 431 2891 uariis
462 2823 559 2890 rebus
595 2823 757 2890 adflictum
788 2824 983 2892 carminibus
1015 2823 1180 2892 amatoriis
1210 2833 1314 2892 nens-

264 2941 370 3008 missis
405 2941 546 3028 quodam
582 2940 680 3008 modo
712 2941 932 3008 consolaretur
962 2951 995 3008 et
1023 2943 1184 3029 erigeret,
1216 2951 1315 3030 poete

263 3059 366 3127 amieo
386 3057 552 3147 respondit
573 3079 618 3142 se,
640 3079 714 3124 cum
736 3079 802 3123 non
827 3056 1002 3126 minoribus
1029 3079 1128 3145 qnam
1153 3057 1206 3124 ifle
1228 3059 1313 3125 cale-

261 3175 426 3244 mitatibus
448 3175 684 3262 opprimeretur
700 3175 777 3262 ipse,
799 3173 951 3262 precibus
972 3173 1088 3241 Manlii
1109 3176 1186 3242 satis
1203 3177 1313 3244 facere

262 3315 327 3360 non
347 3314 453 3382 posse.
496 3292 657 3381 prioribus
673 3290 804 3380 quidem
824 3293 1023 3380 temporibus
1037 3293 1143 3379 magis
1158 3291 1313 3360 idoneum

263 3433 298 3476 se
319 3409 416 3477 fuisse
437 3409 633 3476 carminibus
654 3408 819 3476 amatoriis
840 3407 1088 3497 conponendis:
1109 3431 1185 3474 nem

360 3539 495 3612 tempore
516 3549 576 3614 quo
592 3527 729 3612 primum
748 3530 843 3592 ocris
864 3527 943 3592 milri
961 3527 1078 3593 traditu
1096 3539 1215 3613 purast,

412 3644 578 3709 iucundum
600 3665 671 3708 cum
693 3655 780 3708 octos
799 3641 919 3726 flenda
938 3665 991 3708 uer
1012 3657 1122 3730 epact,

362 3758 459 3824 multa
479 3759 557 3824 sabb
577 3759 641 3825 turi
658 3781 669 3824 .·
686 3781 748 3825 noa
769 3771 812 3824 ert
831 3761 889 3824 deo
909 3759 1022 3825 nerem
1042 3763 1145 3828 osor

411 3897 491 3963 quoe
511 3875 630 3942 dulcem
652 3875 735 3942 aare
756 3879 862 3942 miscet
879 3877 1059 3942 emeritens.

1462 3635 1467 3682 i
