3002 4490
249 287 300 338 m
634 284 712 336 xlm
744 285 793 336 DE
812 283 918 338 semo

249 475 324 538 apro
345 463 374 516 et
392 451 498 536 scrofa
518 450 696 534 demerem.
710 452 844 518 mulier
857 473 936 538 equo
950 463 978 516 et
990 452 1079 516 ottho
1099 452 1196 519 lectio
1218 451 1297 520 olim

248 569 384 656 uulgato
410 569 488 635 ibris
514 591 554 633 eor
573 591 650 654 apro
669 581 697 634 st
715 567 825 652 scrofa
844 569 1009 637 domm
1029 566 1092 634 fids
1114 579 1231 634 curet:
1253 568 1296 636 ef.

248 685 439 752 Muellerum
462 685 501 753 sd
524 686 555 751 h.
576 685 607 764 l.,
627 686 683 772 qui
705 695 780 773 post
793 685 945 773 Vossinm
968 685 1016 768 (in
1031 684 1206 772 etymolog.
1222 686 1297 754 Lot.

247 826 277 890 p.
298 802 376 889 334)
397 801 641 868 Doederlinium
663 802 719 886 (sle
734 824 847 889 synon.
864 801 935 868 het.
951 824 982 866 vr
999 801 1072 886 158)
1092 803 1172 868 ulios
1194 803 1298 870 uerbo

247 919 301 987 ille
338 941 412 985 cum
439 919 546 987 ibrida
572 919 703 1006 hybrida
732 919 927 1006 cognatione
948 919 1121 986 cohaerere
1141 929 1229 986 recte
1249 921 1298 986 in-

247 1035 382 1103 tellexit.
418 1036 528 1125 itsqne
543 1037 728 1103 coniectum
741 1035 795 1102 ills
809 1033 955 1102 hlsroilii-
966 1045 1088 1102 temsre
1107 1037 1185 1104 reioi
1199 1059 1297 1124 posse

248 1175 313 1220 non
347 1153 484 1220 uidetur.
542 1163 651 1220 temen
681 1175 793 1222 uersus
824 1152 990 1240 uulgarem
1029 1151 1126 1218 etiem
1157 1154 1296 1218 formem

248 1270 368 1334 lehntln
389 1269 514 1356 recipit.
556 1288 620 1334 uon
642 1267 736 1334 nimis
757 1279 864 1336 sutem
885 1268 918 1334 in
941 1289 979 1334 eo
995 1269 1192 1336 haerendum
1205 1269 1294 1357 quod

248 1385 355 1452 nullus
372 1383 453 1450 nlius
468 1383 607 1473 scriptor
621 1383 815 1450 uocabulum
829 1384 949 1452 humile
968 1385 1048 1452 illud
1067 1385 1129 1451 ibsr
1143 1385 1196 1450 nel
1208 1387 1294 1452 hiber

248 1500 462 1588 usurpauerit.
506 1521 580 1567 nom
601 1500 665 1568 slis
687 1523 815 1590 qnoque
830 1503 932 1568 uerbo
945 1501 1093 1569 Ostullus
1107 1502 1194 1589 quod
1214 1501 1294 1570 scis-

247 1639 319 1685 mus
340 1617 427 1684 solus
457 1638 498 1683 ex
524 1638 671 1684 sermone
704 1618 829 1705 plebeio
856 1619 909 1684 uel
936 1617 1085 1687 familiari
1107 1617 1294 1706 adsumpsit

245 1734 430 1802 consideres
471 1734 568 1800 uelim
609 1735 690 1800 hoec
721 1759 729 1801 :
768 1746 886 1801 trusore
928 1738 999 1818 (nvo
1034 1736 1070 1821 6)
1106 1736 1294 1823 rohspssts'ron

247 1855 316 1936 (niu
336 1853 372 1935 5)
400 1865 587 1940 suppernata
614 1856 693 1933 (xvu
724 1853 777 1936 19)
805 1853 976 1938 ploremnm
1005 1853 1223 1938 (Lxxxxan
1250 1855 1294 1920 cf.

247 1967 381 2048 Quintil.
405 1991 413 2032 ι
435 1969 456 2034 5
475 1968 510 2054 8)
531 1974 707 2054 corpotr'nae
723 1971 909 2054 (Lxxxxvru
922 1970 958 2053 4)
979 1983 1145 2055 reportare
1163 1971 1316 2056 (xxvuu.

248 2085 287 2150 16
313 2085 353 2150 of.
382 2085 481 2171 gloss.
503 2085 606 2153 stb.
634 2107 666 2172 p.
688 2085 742 2168 69)
770 2086 811 2151 s‘le
840 2089 933 2170 (uxor
955 2085 978 2150 5
1004 2086 1043 2154 cl.
1064 2087 1165 2172 gloss.
1187 2085 1293 2152 stb.

246 2225 277 2292 p.
298 2201 338 2268 87
373 2201 510 2291 Hauptii
532 2224 584 2292 qn
609 2200 682 2268 Oet.
708 2225 738 2291 p.
760 2203 830 2286 69).

330 2319 374 2385 Vt
392 2318 522 2387 tandem
538 2319 579 2387 ud
601 2343 670 2386 rem
691 2319 870 2401 redeamus,
892 2316 1105 2406 explicatione
1126 2318 1294 2384 Parthenii

246 2436 465 2504 artificiosiore
486 2437 606 2504 reiecto
620 2435 782 2504 Catullum
797 2436 905 2503 uerius
925 2436 1070 2503 dicemus
1085 2458 1127 2502 ex
1146 2437 1295 2523 cognatis

245 2554 334 2620 Arrii
348 2553 461 2622 uitium
478 2553 708 2642 pronuntiandi
725 2554 798 2620 ideo
816 2555 972 2642 repetisse
984 2554 1062 2640 quis
1071 2551 1188 2619 Arrius
1201 2565 1297 2640 petre

246 2671 375 2760 quidem
396 2672 466 2737 niro
481 2671 616 2738 honesto
632 2681 786 2756 uteretur,
810 2681 922 2758 contre
942 2693 984 2738 ex
1006 2679 1109 2736 mstre
1129 2670 1201 2735 loco
1222 2669 1296 2736 obs-

246 2809 325 2854 curo
352 2798 384 2854 et
412 2789 499 2854 tenui
529 2797 605 2856 nats
630 2787 785 2855 oriundus
815 2797 909 2854 esset.
961 2788 1040 2853 hoec
1062 2786 1088 2851 si
1109 2807 1188 2852 uero
1209 2796 1295 2871 sunt,

246 2905 366 2993 optime
395 2903 576 2994 explicetur
605 2927 662 2971 eur
694 2915 819 2993 petrem
854 2902 943 2972 Arrii
973 2926 1037 2971 non
1068 2903 1295 2970 nominsnerit.

245 3031 414 3108 praetereo
440 3021 520 3088 hoec
550 3021 710 3088 sententio
738 3043 777 3086 eo
805 3019 979 3088 sdiuustnr
1006 3020 1093 3108 quod
1114 3017 1156 3100 Q.
1177 3019 1295 3086 Arrium

245 3137 299 3204 illo
331 3137 417 3206 ciros
447 3161 565 3206 sunum
597 3139 715 3216 695159
744 3137 777 3204 in
808 3137 909 3225 putris
941 3137 1065 3226 eliquot
1096 3138 1189 3204 ennio
1217 3145 1295 3204 unte

245 3254 364 3323 mortni
385 3257 540 3323 honorem
563 3255 639 3340 (hoc
660 3253 744 3322 enim
766 3276 963 3343 quemquem
985 3253 1137 3321 sdcurste
1158 3275 1222 3323 non
1245 3263 1295 3320 est

245 3371 398 3439 traditum
423 3370 613 3449 memorise,
641 3371 712 3438 neri
743 3369 940 3437 simillimum
967 3381 1033 3455 est,
1061 3371 1100 3436 ch
1122 3370 1295 3460 Borgheeii

245 3489 286 3555 sle
308 3497 406 3577 gente
427 3489 526 3556 Arrio
547 3487 777 3554 commentatio
792 3485 967 3555 Mediolani
990 3485 1068 3552 1817
1092 3487 1178 3556 edito
1199 3488 1294 3556 Orel-

183 3650 185 3656 ι
246 3605 280 3671 lii
309 3625 415 3669 onom.
444 3603 528 3670 Tull.
551 3625 582 3692 p.
605 3603 646 3669 73
680 3603 862 3670 Drumsnui
890 3601 962 3670 hist
983 3602 1079 3670 Rom.
1100 3625 1123 3667 v
1143 3603 1214 3688 687,
1235 3605 1293 3691 58)

246 3719 376 3809 epulum
403 3721 538 3788 funebre
566 3719 780 3788 lentissimum
811 3731 843 3787 et
871 3719 1171 3802 celebratissimum,
1203 3722 1294 3808 quod

245 3847 375 3926 praeter
403 3837 591 3905 Ciceronem
612 3835 645 3902 in
667 3836 776 3904 Vstin.
801 3837 840 3903 12
860 3838 902 3902 30
930 3847 964 3902 et
995 3835 1199 3904 scholiostsm
1228 3837 1293 3904 Bo·
