2950 4480
280 267 353 348 tm

279 479 392 547 eodem
415 479 481 544 lere
504 489 651 563 tempore
666 481 863 546 Franciseus
880 481 1036 547 Petrsroa
1047 488 1080 561 Ι1)
1102 482 1189 547 libre
1203 503 1305 548 uero-

279 603 375 669 nensi
405 604 457 668 usi
486 610 572 666 sunt.
623 601 680 666 sed
711 617 744 666 ut
776 601 861 666 liber
889 601 1016 666 Ostulli
1045 601 1160 667 statim
1189 609 1309 684 postea

279 743 378 806 quam
408 729 560 805 repertus
586 727 638 786 est
664 721 760 786 nouis
798 721 1042 803 exemplaribus
1072 719 1309 804 diuulgaretnr

280 850 410 908 tautum
439 840 524 906 abrit
552 849 589 904 ut
619 840 679 904 boe
701 861 742 904 ne
765 840 909 923 amplius
930 839 1149 924 quadraginta
1169 841 1306 924 quidem

280 962 376 1027 annis
412 969 487 1042 post
522 959 644 1024 factum
683 971 776 1024 esset.
844 980 922 1025 nam
958 979 1044 1024 anno
1080 962 1180 1026 etiam
1216 959 1306 1026 1374

281 1080 417 1146 (lolucio
446 1078 635 1154 florentino,
664 1078 738 1142 uiro
765 1080 911 1163 egregio,
942 1101 1007 1161 quo
1037 1082 1203 1146 neminem
1231 1083 1306 1146 illis

282 1181 485 1283 temporibus
512 1201 547 1264 in
575 1200 771 1281 scriptorum
800 1207 950 1263 ueterum
981 1199 1074 1266 libris
1102 1201 1305 1284 indagandis

283 1317 431 1402 legendis
446 1317 660 1402 diuulgsndis
677 1317 910 1382 studiosiorem
930 1319 1033 1383 fuisse
1048 1320 1212 1396 nouimus,
1235 1317 1301 1384 Os-

281 1437 357 1504 tulli
380 1435 464 1502 liber
486 1437 582 1520 plane
603 1438 737 1520 ignotus
760 1438 831 1501 fuit
869 1456 935 1518 qua
955 1447 1090 1522 prepter
1112 1459 1133 1502 a
1154 1437 1302 1522 (lespere

281 1557 478 1641 Broaspinio
499 1557 674 1622 uereuensi
688 1575 747 1639 per
767 1557 927 1639 epistulas
943 1558 1061 1640 petiuit
1076 1569 1113 1622 ut
1128 1556 1300 1623 Catullum

285 1713 322 1724 -
346 1677 513 1761 significat
534 1685 644 1741 eutem
666 1675 789 1740 librum
812 1695 1024 1742 senonensem
1043 1713 1077 1724 -
1098 1685 1166 1742 ‘aut
1186 1697 1299 1742 exem-

281 1797 410 1881 platum
444 1807 503 1862 eut
533 1796 803 1879 exemplandum’
838 1796 971 1861 Verona
1002 1795 1205 1861 Florentiam
1234 1796 1297 1860 sibi

282 1916 524 1982 transmitteret
536 1918 580 1997 ¹⁴).
603 1915 680 1996 quid
696 1933 808 1998 preces
825 1913 952 1980 (lelucii
967 1915 1055 1998 apud
1067 1913 1296 2000 Broaepinium

282 2035 449 2100 effecerint
475 2035 627 2098 nescitur.
672 2046 706 2100 at
733 2055 808 2099 cum
838 2035 904 2098 iam
934 2055 1022 2099 anuo
1043 2037 1193 2118 sequenti
1217 2033 1297 2099 1375

282 2153 473 2236 exemplum
496 2173 678 2218 ueroeenee
694 2154 845 2218 Veronae
866 2153 900 2216 in
923 2173 1049 2218 nouum
1071 2153 1194 2217 librum
1210 2159 1297 2218 tran-

283 2272 441 2354 seriptum
463 2273 615 2346 sciamus,
636 2281 790 2356 prompta
810 2272 925 2353 opiner
946 2272 1134 2336 coniectura
1148 2284 1199 2336 est
1214 2271 1299 2335 hune

283 2387 410 2456 Oelucii
432 2398 549 2473 rogatu
571 2397 744 2454 exaratum
767 2410 845 2453 esse.
891 2389 947 2470 qui
971 2389 1054 2454 liber
1076 2393 1142 2473 (est
1164 2411 1295 2474 sanger-

283 2509 458 2592 manensis,
481 2509 587 2591 quode
602 2529 680 2573 mox
696 2507 888 2590 diligentius
903 2507 1035 2592 dicam),
1058 2529 1122 2590 quo
1137 2509 1300 2591 antiquior

282 2629 385 2694 codex
407 2627 605 2692 catillianus
628 2626 724 2690 hodie
747 2646 812 2689 non
835 2634 928 2690 extat
939 2632 980 2707 15),
1004 2627 1056 2692 uel
1078 2627 1152 2692 ideo
1166 2629 1298 2710 plurimi

283 2757 331 2811 est
354 2745 583 2810 aestimandus
605 2744 691 2828 quod
714 2746 832 2810 unicus
855 2766 942 2810 nunc
964 2756 1114 2829 superest
1135 2767 1231 2828 quem
1248 2767 1298 2810 ae

282 2872 395 2954 curate
422 2864 640 2930 demonstrari
668 2866 774 2946 possit
795 2886 837 2928 ex
858 2865 931 2947 ipso
953 2868 1127 2930 ucionensi
1150 2865 1300 2950 exemplo

283 2983 496 3067 desumptum
524 3003 594 3047 esse
608 2985 651 3064 Ι1).
704 2982 808 3048 nihilo
831 2991 941 3048 umen
965 2984 1075 3048 minus
1099 2986 1197 3048 ceteri
1220 3003 1296 3066 quo-

283 3137 369 3190 usse
386 3137 404 3190 l.
423 3153 444 3188 o·
462 3151 483 3192 11
500 3135 534 3188 88
551 3135 655 3202 Hauptii
673 3144 769 3202 quaest
786 3153 808 3201 p.
826 3136 843 3186 5
860 3143 909 3187 act
928 3135 1013 3200 philol.
1032 3136 1104 3188 mim.
1123 3153 1147 3202 p.
1170 3139 1216 3187 114

286 3224 317 3276 18
334 3223 366 3274 σι’,
379 3221 490 3290 fleysins
507 3221 523 3273 1.
542 3239 563 3272 c.
582 3240 606 3288 p.
621 3219 668 3272 281
689 3231 736 3272 act
753 3220 838 3288 philol.
855 3221 927 3274 mian.
946 3239 972 3288 p.
986 3222 1033 3272 llb
1105 3221 1137 3272 14
1154 3221 1186 3275 el.
1205 3221 1300 3288 epistu-

282 3309 321 3361 lss
343 3307 438 3360 (lolncii
462 3315 525 3368 tras,
548 3323 610 3373 quas
632 3307 758 3373 Hauptius
779 3314 849 3358 nunt
874 3306 959 3358 sodet.
983 3307 1059 3359 lltter.
1081 3323 1165 3358 suen.
1188 3325 1210 3360 s.
1236 3307 1299 3360 18411

282 3413 307 3463 p.
326 3394 377 3446 858
395 3411 410 3445 s
427 3392 528 3445 schedis
544 3391 733 3444 Thliommssni
751 3393 843 3451 edidit,
866 3399 893 3442 et
914 3409 979 3457 quse
1001 3391 1034 3442 cle
1052 3393 1089 3444 sis
1107 3393 1301 3460 interpretandis

282 3481 337 3547 ipse
354 3488 401 3534 act.
420 3478 507 3548 philol.
521 3479 593 3530 misn.
606 3495 630 3544 p.
647 3477 780 3528 116κ-118
792 3477 843 3528 diri
915 3477 945 3526 lt
958 3476 1069 3528 codicem
1081 3476 1174 3529 Cstulli
1188 3477 1302 3530 vicetiae

282 3565 308 3616 in
326 3565 478 3617 bibliothece
493 3564 594 3632 pietstis
611 3569 744 3615 menhnse
760 3563 928 3622 adsemstum,
945 3578 1019 3627 quein
1035 3559 1173 3614 l'Blumiss
1185 3561 1299 3614 biblioth.

283 3647 367 3701 llbror.
386 3665 507 3702 manuscr.
525 3647 609 3700 itslics
628 3646 782 3714 (Gottingae
802 3646 885 3710 1884)
903 3663 928 3712 p.
946 3646 996 3698 234
1015 3661 1080 3696 anno
1101 3645 1167 3696 1880
1184 3646 1301 3713 scriptum

282 3749 339 3785 sate
357 3749 372 3784 s
389 3733 487 3785 schedis
504 3732 645 3784 GHssnslii
663 3733 835 3792 adnotsmrst,
854 3739 956 3784 centum
974 3730 1046 3782 suuis
1064 3732 1232 3782 recentiorem
1244 3747 1300 3784 esse

283 3815 392 3894 thtins
410 3835 434 3889 p.
453 3817 504 3870 888
521 3825 627 3872 tuate·
644 3825 684 3875 aa
758 3817 789 3872 tt
810 3818 842 3870 si.
865 3825 914 3871 act.
933 3815 1019 3886 philol.
1039 3816 1111 3870 mian.
1129 3833 1154 3884 p.
1175 3815 1232 3868 118.
1253 3817 1303 3872 119
