3002 4490
474 349 537 400 Xlll
572 349 619 400 DE
637 348 810 400 consumo
828 349 968 404 teneone
1190 351 1239 401 207

199 517 273 584 dom
289 517 441 605 scriptum
457 479 515 600 est,
530 516 571 582 ed
585 515 744 602 Nepotem
760 514 889 582 missum
906 537 975 580 esse
990 523 1123 582 censent
1136 515 1240 602 inpro

199 632 307 700 banda
328 643 386 699 eet.
429 655 502 698 cum
523 633 607 698 enim
629 633 662 697 in
680 631 734 700 illo
751 633 892 698 carmine
906 632 1051 699 Catullus
1066 653 1100 698 se
1115 631 1242 698 occulte

200 751 359 840 quaedem
381 750 546 839 quaesibi
569 749 699 816 credere
727 751 779 816 ille
808 749 1019 833 dubitauerit,
1052 749 1143 840 quasi
1172 749 1240 837 ipse
1362 835 1364 840 ι

201 868 279 935 deus
307 867 422 934 silentii
450 867 507 948 sit,
539 866 677 934 fideliter
703 877 900 933 retenturum
923 888 992 932 esse
1015 865 1165 933 Cornelio
1187 866 1240 932 ad-

198 986 304 1052 firmet
310 1033 319 1069 ,
342 985 383 1050 de
403 984 533 1071 Nepote
553 983 640 1051 nullo
663 985 758 1050 modo
779 995 889 1072 potest
909 985 1055 1071 cogitaui.

280 1101 816 1169 Modo=diximuseermeu1enno
843 1101 959 1180 700154
981 1101 1134 1190 scriptum
1160 1121 1238 1166 esee.

197 1219 288 1285 breui
303 1217 387 1284 enim
399 1227 473 1284 ente
485 1240 582 1305 quem
595 1216 712 1284 librum
723 1241 815 1284 suum
827 1218 925 1286 edidit
937 1217 1100 1285 Catullum
1111 1239 1239 1284 carmen

195 1334 274 1402 illud
302 1334 414 1400 fecisse
445 1357 486 1398 ex
516 1333 561 1398 rei
588 1333 689 1422 ipsius
718 1345 832 1400 ustura
853 1334 1060 1401 menifestum
1082 1344 1139 1400 cst.
1183 1333 1240 1400 aed

197 1473 261 1541 quo
297 1472 381 1516 anno
416 1447 561 1517 Catullus
592 1450 710 1518 librum
746 1449 873 1518 edidit?
916 1473 998 1518 enno
1034 1451 1169 1534 700154,
1203 1459 1240 1517 ut

196 1567 415 1635 Mommsenus
443 1567 531 1652 (hist.
555 1567 648 1634 Rene
671 1591 700 1633 ιιι
721 1569 797 1651 313)
826 1569 1004 1634 rectissime
1032 1568 1120 1634 uidit.
1164 1591 1239 1636 nam

196 1685 229 1752 iu
251 1685 332 1752 libro
348 1684 465 1751 Catulli
484 1706 589 1772 neque
612 1685 680 1751 ulla
700 1709 751 1751 res
773 1693 1041 1752 commemoretur
1062 1695 1134 1771 poet
1154 1706 1239 1751 men-

198 1823 264 1868 sem
287 1801 445 1868 Sextilem
467 1801 542 1868 anni
564 1801 680 1879 700154
706 1803 793 1868 laets
820 1813 852 1868 et
879 1804 1111 1890 permultorum
1132 1823 1238 1867 rerum

197 1941 280 2007 quae
300 1919 371 2006 ipso
393 1940 477 1984 unuo
500 1918 616 1997 700154
644 1931 676 1987 et
698 1921 790 1986 annis
810 1921 957 2008 proxime
977 1918 1259 1986 antecedentibus·

197 2035 381 2104 ecciderunt
402 2036 521 2102 mentio
542 2035 660 2104 iniecto
682 2048 740 2104 est.
782 2037 891 2126 itaque
913 2045 1055 2104 statuere
1081 2037 1158 2102 licet
1180 2036 1239 2103 Os·

196 2153 312 2219 tullum
326 2176 410 2220 anno
425 2154 542 2232 700154
563 2155 630 2221 lere
651 2155 756 2220 medio
778 2155 870 2222 breui
891 2166 1079 2245 antequem
1094 2165 1239 2221 mortuus

197 2269 238 2336 sit
268 2269 385 2336 librum
422 2293 514 2336 suum
547 2271 578 2336 in
613 2273 717 2338 lucem
745 2272 885 2339 emisisse
918 2272 974 2358 (of.
1002 2294 1099 2360 snpra
1119 2294 1150 2361 p.
1172 2273 1238 2355 44).

198 2385 311 2454 eodem
331 2389 400 2455 fere
420 2397 565 2475 tempore
587 2409 651 2477 quo
667 2411 796 2454 carmen
818 2413 827 2453 ι
850 2387 996 2456 Catullus
1011 2387 1139 2477 scripsit
1153 2387 1239 2454 eliud

197 2503 351 2593 seriptum
381 2507 424 2572 eit
449 2525 581 2571 neeesse
609 2515 658 2572 est
683 2527 812 2572 carmen
834 2505 921 2594 quod
943 2527 1045 2592 nuper
1066 2527 1108 2570 ex
1128 2505 1240 2571 leceris

197 2622 325 2691 duobus
346 2621 536 2710 fragmentis
556 2620 617 2688 uiri
638 2622 724 2688 docti
746 2622 827 2700 duo,
850 2644 985 2710 quorum
1008 2621 1089 2688 ulter
1109 2621 1240 2688 alterius

198 2741 377 2808 sententiae
411 2739 532 2806 inscius
567 2749 655 2823 eret,
698 2748 926 2807 conexuerunt.
983 2738 1119 2807 Carolus
1154 2739 1238 2808 enirn

197 2857 377 2924 Plcitnerus
401 2857 456 2942 (de
472 2855 589 2924 Catulli
612 2857 830 2945 epithalamiis
852 2856 1016 2944 Dillingee
1035 2856 1114 2922 1858
1135 2877 1166 2942 p.
1184 2855 1239 2942 00)

198 2984 230 3041 et
244 2974 445 3042 Reinholdue
459 2974 610 3042 Klotnius
627 2974 854 3056 (emendation.
872 2974 1042 3043 Catullinu.
1057 2973 1146 3062 Lips.
1160 2971 1239 3038 1859

197 3115 227 3179 p.
249 3093 340 3178 xlm),
366 3113 502 3181 quorum
524 3094 713 3158 sententiam
736 3093 832 3158 etism
854 3115 873 3156 s
894 3092 964 3157 uiro
984 3090 1077 3158 docto
1098 3086 1239 3178 quodem

196 3209 230 3275 in
257 3207 409 3276 Zarnclrii
438 3209 557 3275 nuntiis
588 3186 752 3275 litterariis
781 3209 863 3274 1860
887 3231 919 3296 p.
945 3207 1006 3274 713
1030 3205 1237 3296 adprobatam

197 3326 355 3414 Iosephus
388 3325 519 3393 Pollius
558 3326 699 3412 (lection.
738 3324 854 3392 Catull.
884 3325 1126 3392 Euskirchenec
1159 3325 1240 3392 1860

197 3467 229 3532 p.
244 3444 301 3528 21)
321 3443 442 3510 frustra
462 3441 662 3530 inpugnouit,
683 3441 912 3510 intellexeruut
928 3465 1041 3510 uersus
1056 3439 1205 3508 carminis
1220 3463 1240 3506 ιι

199 3561 320 3627 11-13
341 3571 376 3627 et
396 3560 546 3628 carminis
567 3583 630 3625 xum
652 3560 794 3646 24-26,
823 3561 878 3648 qui
907 3583 978 3626 cum
1001 3559 1146 3626 uersibus
1167 3581 1239 3648 pro-

197 3677 283 3745 xime
304 3676 569 3744 antecedentibus
588 3676 677 3742 nullo
698 3674 795 3742 modo
817 3677 997 3762 cobserent,
1019 3679 1051 3743 in
1073 3700 1171 3744 unum
1192 3679 1238 3742 ita

196 3795 532 3883 coniungendos'esse
551 3815 679 3862 carmen
701 3817 709 3858 ε
