3002 4490
249 371 300 423 268
451 371 502 424 ΧΠ
536 369 584 422 ΒΕ
602 370 710 424 cluna
727 370 930 425 uouuuuslo
948 371 1102 443 uauvmo

247 535 323 600 mibi
349 557 439 601 sumo
462 557 568 623 neque
590 559 708 624 arrogo
730 546 768 602 ut
787 537 857 625 ipso
878 537 1014 603 nitorem
1039 538 1207 622 pristinum
1229 561 1299 604 aar

249 652 327 717 mini
358 651 558 719 emendando
588 653 755 720 restituere
785 654 984 740 suscipiam:
1008 655 1105 720 immo
1130 655 1162 721 id
1193 656 1297 722 solum

249 791 312 857 ago
334 778 371 834 ut
391 769 433 835 ad
455 768 661 836 difficultates
682 771 833 836 carminis
848 771 971 836 animos
988 793 1098 835 eorum
1115 771 1170 860 qui
1183 770 1297 858 legent

250 885 414 950 aduertam
443 896 542 974 atque
570 907 625 950 eas
647 887 736 952 nulla
759 886 981 974 praeiudicata
1004 890 1164 954 sententia
1185 908 1296 952 oscae

249 1012 340 1069 catus
362 1023 522 1089 exponere
544 1025 650 1070 coner.

329 1121 379 1187 Ee
400 1120 501 1208 igitur
522 1142 606 1208 quae
623 1121 664 1186 ad
680 1119 818 1188 Cinnam
832 1121 936 1210 ipsum
951 1124 983 1186 in
997 1123 1141 1188 carmine
1157 1141 1297 1187 uxxxxv

248 1246 395 1323 spectant
409 1237 550 1304 dilucida
568 1248 642 1303 sunt
665 1261 770 1326 neque
792 1261 876 1326 quae
900 1239 940 1304 de
954 1239 1098 1305 Tanusia
1114 1248 1188 1304 sunt
1208 1237 1298 1304 dubi-

248 1354 388 1420 tationes
403 1364 546 1435 mouent,
568 1365 680 1421 contra
701 1355 741 1420 (le
755 1355 931 1423 Hortensio
952 1355 1050 1442 longe
1070 1355 1165 1420 aliter
1186 1377 1222 1420 se
1244 1377 1296 1419 res

248 1471 355 1536 babet
399 1470 432 1535 in
462 1471 678 1559 disputatione
703 1481 813 1538 nostra
841 1471 940 1560 ipsius
971 1470 1120 1538 carminis
1151 1470 1300 1537 ordinem.

249 1607 431 1676 sequamur.
474 1588 507 1652 in
529 1587 631 1675 primo
653 1587 795 1656 disticho
806 1585 952 1655 Catullus
973 1597 1009 1652 ut
1028 1585 1165 1654 Cinnam
1185 1586 1297 1652 laudet

249 1704 318 1770 eius
338 1703 537 1792 diligentiam
558 1727 617 1792 per
637 1727 752 1771 nouem
775 1728 878 1772 annos
895 1707 928 1770 in
943 1705 1086 1793 Zmyrna
1101 1703 1296 1770 elaboranda

247 1829 281 1886 et
298 1819 507 1908 perpolienda
522 1832 741 1910 consumptam
758 1832 988 1888 commemorat
1008 1844 1016 1886 ι
1037 1822 1088 1888 cui
1109 1820 1295 1908 diligentiae

248 1936 326 2025 qnid
353 1937 385 2002 in
414 1939 517 2003 altero
546 1937 681 2004 disticho
703 1949 800 2025 poeta
822 1938 1010 2025 opposuerit
1030 1938 1182 2005 adcurate
1202 1936 1295 2002 intel·

246 2054 313 2142 legi
335 2077 399 2120 non
420 2064 537 2142 potest,
558 2077 630 2120 oum
646 2064 846 2142 pentametro
861 2065 1043 2142 temporum
1065 2054 1182 2118 iniuria
1202 2053 1294 2120 nobis

248 2172 426 2259 intercepto
448 2171 634 2237 hexameter
666 2172 753 2238 solus
781 2172 831 2236 bic
858 2171 945 2236 milio
972 2194 1043 2236 com
1071 2172 1189 2235 emeca
1208 2172 1293 2258 prom-

246 2300 339 2376 penta
369 2287 555 2354 Hortmacira
590 2311 649 2353 ooo
683 2286 723 2354 ad
759 2296 900 2353 nostram
934 2289 1122 2353 memoriam
1157 2285 1293 2353 uenerit.

173 2478 176 2486 ‚
248 2404 335 2493 quod
361 2404 578 2492 fragmentum
607 2405 633 2471 si
662 2427 734 2472 cum
763 2405 897 2472 disticho
919 2405 1024 2493 primo
1046 2402 1219 2470 contuleris
1240 2426 1294 2470 no

247 2543 310 2608 que
341 2519 382 2586 sd
417 2521 560 2587 ordinem
589 2523 821 2588 sententiarum
852 2531 886 2587 et
911 2521 1010 2588 totius
1038 2519 1187 2588 carminis
1217 2543 1294 2586 oon·

247 2637 435 2703 cinnitatem
461 2639 662 2726 respexeris,
690 2637 785 2702 facile
814 2636 858 2702 sis
886 2637 1066 2704 adsentiere
1094 2637 1149 2726 qni
1171 2635 1297 2704 Cinnae

247 2755 314 2820 acri
336 2777 433 2820 curae
455 2764 488 2821 et
508 2753 615 2820 studio
638 2753 802 2820 leuitatem
817 2765 849 2820 et
863 2753 1102 2840 neglegentiam
1118 2753 1296 2838 Hortensii,

246 2882 283 2938 ut
313 2882 389 2960 pote
424 2872 480 2958 qui
513 2871 597 2934 intra
624 2868 703 2936 illud
731 2871 928 2937 nouennium
959 2891 1056 2959 saepe
1084 2892 1149 2935 uno
1177 2870 1230 2936 dis
1250 2870 1296 2936 in·

246 2987 463 3055 numerabiles
484 3007 597 3052 uorsus
618 2985 757 3070 fuderit,
782 2989 963 3076 oppositam
994 3009 1066 3052 ease
1094 2987 1297 3054 arbitrantur

248 3106 303 3191 (cf.
331 3103 511 3172 Weicherti
544 3104 601 3170 rel.
633 3113 717 3190 poet
748 3104 819 3171 Lat
849 3127 880 3194 p.
911 3103 971 3170 175
1000 3083 1137 3192 Hauptii
1169 3112 1293 3190 quaest.

247 3221 364 3292 Catuli.
392 3244 422 3310 p.
445 3221 512 3306 99).
555 3243 652 3308 quam
680 3220 869 3287 sententiam
900 3220 956 3309 qui
984 3221 1205 3308 probauerunt
1232 3221 1295 3310 pri-

247 3362 333 3406 mum
360 3338 539 3406 rectissime
566 3337 793 3404 intellexerunt
821 3337 1000 3427 quingente
1027 3339 1116 3404 milia
1141 3359 1294 3405 uersrmm

246 3478 305 3544 pro
330 3455 621 3522 innumerabilibus
651 3453 814 3521 Catullum
848 3451 987 3534 dixisse,
1021 3453 1136 3520 deinde
1165 3453 1208 3520 ad
1234 3478 1295 3524 ano

246 3572 413 3660 aptissime
454 3573 608 3661 temporis
650 3570 781 3658 aliquod
822 3571 1014 3638 uocabulum
1055 3575 1295 3661 suppleuerunt

247 3689 368 3755 locutio
398 3689 483 3756 enim
513 3689 600 3755 mdia
630 3688 962 3776 praepararemus
992 3688 1118 3756 dnobus
1144 3689 1225 3756 locis
1253 3713 1296 3758 ex

246 3807 316 3895 ipso
339 3805 468 3874 Catullo
491 3806 627 3893 sumptis
649 3804 767 3894 optimc
788 3804 973 3872 defenditur
994 3827 1002 3870 ι
1022 3829 1084 3872 vrrs
1105 3807 1126 3871 2
