2936 4492
412 355 440 407 V
474 355 715 408 numeremus
733 355 892 410 curvum
1143 357 1176 410 99

127 513 245 607 ‘porussi
255 523 513 588 conmmaliossiss
519 522 630 610 facore
643 517 717 606 cet’,
737 521 784 588 ita
804 532 842 589 ut
854 543 913 610 pro
928 544 993 589 uno
1009 524 1080 590 loco
1098 522 1180 590 duos

128 656 168 702 cx
187 635 327 704 diuersis
358 637 563 706 orationibus
591 649 764 726 excerptos
793 638 987 705 Rufinianus
1015 640 1178 708 adtulerit.

127 754 306 822 emendatio
328 753 419 822 baec
440 777 507 822 non
526 754 628 821 solum
650 779 669 820 a
690 755 799 821 uerbis
827 754 904 842 ipsis
936 756 1068 844 egregie
1096 779 1179 822 com-

127 871 302 954 mendatur,
324 895 407 938 nam
429 871 622 940 Rufinianus
644 875 783 940 alterum
804 873 896 939 altsri
919 872 1104 962 exemplum
1124 871 1181 938 ad-

127 988 202 1058 dom
214 991 354 1078 saepius
369 989 440 1055 fere
459 989 574 1056 eadem
588 989 780 1084 adnectendi
796 989 935 1056 formula
958 989 1059 1056 utitur
1074 990 1131 1074 (cf.
1146 991 1179 1056 in

126 1107 241 1194 pagina
270 1107 394 1174 eadem
417 1105 670 1194 Capperonnerii
690 1106 733 1173 30
752 1101 789 1171 ‘ct
809 1097 901 1172 alaba'
921 1100 959 1172 ‘st
978 1100 1062 1172 alibi
1082 1107 1179 1172 immo

125 1215 184 1287 ‘mn
202 1218 291 1290 alina'
312 1247 348 1311 p.
369 1223 440 1306 32),
462 1224 518 1290 sed
539 1222 636 1290 etiam
657 1248 678 1290 a
698 1224 824 1290 ratione
845 1225 967 1312 optime
988 1223 1180 1292 defenditur.

124 1362 197 1406 nam
219 1341 281 1408 etsi
304 1363 426 1408 sensus
446 1341 622 1429 fragmenti
643 1363 684 1408 ex
704 1339 918 1406 Fundaniana
930 1340 1092 1430 desumpti
1110 1343 1179 1408 obs-

125 1456 230 1522 curior
251 1468 324 1538 est,
356 1467 468 1524 tamen
499 1457 634 1546 adparet
660 1457 694 1522 id
715 1479 788 1523 cum
809 1457 919 1524 uerbis
939 1459 1178 1545 quusi-dabers'm

124 1573 208 1638 nullo
238 1573 345 1642 modo
377 1573 532 1661 coniungi
562 1595 668 1661 posse.
719 1572 776 1639 sed
805 1555 847 1639 nb
875 1574 915 1638 de
945 1596 981 1639 rc
1009 1575 1178 1642 manifesta

124 1689 216 1758 nimis
237 1691 298 1758 diu
322 1713 540 1778 exponamus,
561 1690 625 1756 iam
645 1691 739 1757 nobis
760 1691 930 1757 dicendum
952 1700 1002 1756 est
1022 1713 1086 1779 quo
1108 1693 1178 1758 iure

124 1807 224 1874 uerba
238 1807 298 1874 illa
313 1809 408 1896 quari
417 1806 558 1894 dasacia
572 1819 635 1886 tao,
650 1809 806 1890 catamito,
830 1807 961 1874 dicerint
977 1807 1178 1874 altercationi

122 1925 169 1992 illi
180 1927 214 1992 in
230 1923 389 1996 Clodium
403 1925 614 1992 uindicemns.
657 1925 797 2013 primum
818 1925 845 1990 si
867 1923 1177 1992 commendationem

125 2042 293 2130 quandam
317 2053 486 2110 externam
500 2063 596 2130 quam
617 2053 737 2109 uocant
758 2044 953 2131 quaerimus,
974 2041 1027 2109 uel
1048 2064 1085 2107 eo
1107 2064 1176 2109 sen-

123 2161 225 2226 tentia
238 2172 356 2226 nostra
370 2159 510 2248 quodam
527 2158 624 2226 modo
638 2159 813 2246 probabilis
827 2159 865 2224 fit
879 2160 965 2246 qnod
990 2160 1175 2247 exemplum

124 2273 378 2344 Ciceronianam
406 2277 555 2364 proxime
585 2275 780 2364 praecedens
807 2287 837 2340 tu
862 2299 936 2341 acro
961 2275 1113 2364 festum,
1145 2289 1175 2341 tc

125 2393 267 2479 alequam,
299 2405 330 2457 tu
352 2396 436 2458 solos
456 2393 613 2476 ardanna,
638 2416 722 2480 prem
750 2393 835 2458 decet
862 2395 1022 2460 muliebris
1048 2407 1174 2458 mactus

124 2509 321 2578 Rufinianus
342 2533 385 2576 cx
413 2509 525 2576 eadem
551 2510 584 2576 in
606 2509 755 2577 Clodium
778 2520 811 2575 st
832 2508 1005 2576 Curionem
1028 2511 1174 2578 oratione

123 2626 336 2716 deprompsit,
358 2627 455 2716 quod,
470 2637 507 2693 ut
520 2650 562 2694 ax
576 2625 857 2715 palimpsestorum
872 2627 1014 2715 reliquiis
1029 2626 1173 2714 intellegi

122 2745 220 2826 licat,
256 2744 291 2809 in
318 2743 464 2811 oratione
490 2745 618 2831 integra
644 2743 751 2810 locum
777 2743 885 2810 uerbis
915 2744 977 2810 illis
1003 2745 1061 2810 aad
1081 2745 1173 2812 credo

122 2876 287 2951 postquam
308 2899 348 2910 -
367 2863 473 2928 obesse
493 2862 621 2931 sensata·
638 2862 716 2928 satis
737 2861 878 2927 uicinum
899 2862 1066 2928 obtinuit:
1088 2863 1172 2928 unde

123 2980 223 3047 facila
243 2979 314 3046 lieri
328 2979 434 3068 potuit
454 2991 490 3047 ut
504 2979 715 3066 grammatico
734 2978 823 3068 prius
844 2981 966 3046 ironiae
989 2978 1171 3067 exemplum

123 3121 164 3166 ex
178 3097 326 3164 oratione
340 3097 373 3163 in
394 3096 545 3164 Clodium
565 3097 746 3164 excribenti
760 3099 860 3164 uerba
875 3097 931 3163 illa
943 3099 1099 3184 contigua
1110 3098 1169 3163 sub

125 3215 237 3281 oculos
249 3215 461 3282 incurrerent.
503 3237 609 3304 neque
622 3215 728 3281 minus
742 3215 895 3282 indicium
909 3224 1060 3280 nostrum
1074 3237 1169 3280 sensu

124 3341 159 3398 et
178 3343 333 3400 contextu
356 3331 455 3399 totius
477 3332 540 3398 loci
560 3332 751 3398 defenditur.
795 3353 837 3398 ex
850 3330 1041 3419 augmentis
1061 3330 1171 3396 uerbis

124 3448 188 3514 illis
202 3448 468 3536 praecedentibus
483 3447 604 3538 liquido
619 3449 826 3516 confirmatur
841 3447 1043 3532 Ciceronem,
1057 3459 1171 3536 postea

125 3587 221 3652 quarn
242 3575 392 3633 ornatum
412 3565 600 3633 muliebrem
616 3564 721 3634 Clodii
736 3565 848 3649 inrisit,
871 3587 909 3630 eo
925 3566 1120 3653 processisse
1135 3578 1171 3633 ut

125 3703 170 3748 ex
190 3705 277 3749 more
298 3706 358 3750 sno
380 3683 614 3750 domonstraret
634 3693 756 3770 quanto
771 3703 868 3771 opere
883 3683 1016 3749 Clodius
1038 3706 1057 3748 a
1078 3682 1171 3748 mori-

127 3799 189 3866 bus
212 3801 367 3868 maiorum
395 3821 525 3866 snorum
557 3799 744 3866 desciuisset
763 3823 772 3864 ι
793 3799 884 3865 cuius
911 3801 958 3866 rei
977 3798 1103 3866 Tullius
1124 3800 1170 3865 ita

127 3917 297 3986 clausulam
325 3918 406 3984 fecit
442 3929 479 3982 nt
505 3918 577 3982 lusu
598 3918 768 3983 uerborum
791 3917 1015 4002 ambiguorum
1041 3937 1117 3978 usus
1138 3925 1170 3978 et

918 4016 935 4077 7
951 4017 968 4055 a
