2920 4492
425 347 448 400 V
478 347 531 401 DE
544 347 725 404 suemus
744 345 898 400 ossuum
1149 349 1181 401 ‘ii

137 515 280 584 Lesbiae
296 515 365 582 iam
393 513 513 582 dudum
538 523 660 602 nuptae
680 514 844 600 uesfigsre
865 535 1001 599 eamque
1023 511 1183 580 custodire

138 655 203 702 aen
232 633 298 700 iam
329 631 451 722 patris,
485 632 513 698 si
549 630 644 698 etiam
673 643 740 696 tum
769 631 803 696 in
833 629 916 696 uiuis
947 629 1076 710 fuisset,
1116 629 1183 698 offi-

138 752 224 818 oium
261 761 349 833 erat,
392 749 449 816 sed
480 747 602 830 meriti,
646 747 696 814 eui
729 747 785 818 illa
819 746 852 816 in
884 746 1015 816 domurn
1045 747 1184 818 deducte

143 877 170 928 et
206 867 328 935 tradita
365 876 443 932 erat.
498 887 595 953 quarn
631 865 674 931 ob
709 887 779 930 rem
811 863 960 944 Catullus
991 866 1183 954 uoluptates,

143 1001 218 1067 ques
253 983 317 1050 sibi
350 983 470 1050 Lesbia
484 1043 487 1050 ,
503 982 694 1070 largiretur,
733 981 768 1049 in
802 1001 899 1050 uersu
932 982 991 1048 146
1021 1005 1088 1048 non
1116 991 1184 1052 tam

143 1101 333 1171 munssenla
346 1096 452 1188 ‘patre
472 1100 573 1168 insoio
598 1089 756 1188 surrepta'
780 1121 877 1188 quam
897 1093 948 1166 ‘ex
970 1100 1032 1166 uiri
1059 1100 1182 1186 gremio

143 1213 280 1304 dempa'
302 1219 486 1307 adpellauit.
518 1218 629 1306 itaque
651 1213 815 1284 Guarinus
836 1217 976 1306 Vulpius
989 1216 1185 1304 Doeringius

142 1331 297 1398 Handius
314 1335 397 1422 (obs.
419 1335 490 1402 orit.
512 1357 543 1423 p.
564 1335 621 1414 31)
640 1333 782 1422 Heysius
802 1333 1036 1422 Hertabergius
1057 1335 1113 1402 alii
1132 1327 1187 1402 ‘in-

141 1460 276 1538 gratum
304 1453 427 1520 tremuli
452 1451 552 1540 patris
582 1445 672 1518 onus’
693 1474 752 1542 pro
776 1474 913 1518 onerosa
933 1474 1027 1536 oure,
1056 1454 1186 1539 qualem

141 1567 275 1635 filiabus
307 1569 471 1638 sananda
499 1579 649 1657 parentes
686 1569 830 1636 seniores
859 1567 1036 1657 inpendere
1070 1571 1184 1651 solent,

140 1685 396 1772 intellegendum
412 1709 482 1754 esse
497 1688 618 1775 optime
631 1697 810 1754 senserunt.
852 1685 977 1754 secedit
991 1696 1027 1753 nt
1039 1685 1185 1754 Catullus

140 1803 273 1891 saepius
295 1801 335 1870 ds
358 1804 499 1892 patribus
514 1805 659 1872 tremulis
681 1804 830 1893 loquatur
850 1825 910 1870 neo
929 1815 1036 1870 tamen
1060 1814 1184 1870 eertum

140 1919 306 2008 quendam
328 1920 361 1986 in
386 1921 494 1991 enimo
523 1923 649 2004 babeat,
673 1921 711 1986 ef.
733 1944 800 1986 xvn
824 1922 864 1986 13
886 1941 941 1987 uxr
963 1923 1013 1988 51.
1056 1931 1184 2009 praeter

138 2036 382 2102 Bronlrbusium
415 2061 513 2104 unum
549 2039 754 2128 scaligerum
790 2038 928 2124 eognoni
967 2039 1023 2127 qui
1056 2048 1182 2125 patrem

139 2153 282 2219 Lesbiae
303 2153 365 2220 boo
387 2156 458 2249 ioco
480 2179 500 2220 a
515 2155 643 2224 Catullo
664 2155 831 2222 inductum
852 2177 922 2222 esse
944 2166 1052 2223 censet
1074 2155 1184 2224 addita

140 2270 361 2358 explieatione
380 2272 477 2340 totius
491 2273 563 2358 looi,
584 2285 621 2340 ut
641 2295 753 2340 uerum
768 2273 881 2356 diuam,
903 2274 1049 2362 pessima.
1091 2273 1185 2340 buius

139 2389 338 2456 sententium
361 2387 533 2456 Sentenius
555 2391 756 2478 adprobauit.
798 2391 936 2482 denique
955 2390 1054 2458 miror
1076 2390 1187 2479 Haup-

140 2507 233 2588 tium,
266 2505 322 2594 qui
343 2507 521 2574 sententies
543 2530 639 2596 quam
658 2507 699 2574 de
720 2508 838 2574 Lesbia
859 2507 1102 2596 explanauimus
1123 2531 1187 2574 me

139 2622 278 2690 moriam
300 2623 542 2690 intermortuam
563 2624 684 2711 primns
705 2623 823 2690 nostris
842 2624 1039 2714 temporibus
1053 2627 1187 2692 resusci-

140 2741 226 2808 teuit
233 2789 244 2824 ‚
275 2742 364 2828 quod
385 2741 583 2810 Lachmanni
616 2741 833 2810 coniecturam
854 2744 994 2808 tremelio
1013 2744 1066 2810 illu
1086 2765 1187 2810 neos

138 2859 322 2926 litterarum
345 2881 405 2924 neo
428 2880 448 2924 a
472 2869 643 2930 contextus
661 2883 721 2924 nec
743 2859 880 2946 deniqne
902 2861 942 2926 eb
957 2861 1034 2928 artis
1056 2861 1187 2927 criticae

141 2975 324 3042 rationibus
348 2976 425 3042 satis
446 2975 733 3044 commendabilem
751 2977 835 3043 inter
855 2975 974 3045 Catulli
995 2979 1094 3044 uerba
1112 2979 1188 3044 reei-

142 3115 220 3182 pere
235 3095 349 3175 noluit,
370 3115 434 3182 qua
449 3094 597 3176 admissa,
617 3094 649 3158 ni
663 3095 766 3179 fallor,
783 3096 971 3163 sumendum
987 3106 1036 3160 est
1050 3095 1189 3185 Lesbiae

142 3220 271 3298 patrem
302 3211 336 3275 in
363 3231 458 3276 uersu
482 3211 541 3276 142
562 3211 729 3278 nominari
772 3214 931 3279 sententia
951 3213 1051 3301 igitur
1078 3224 1190 3279 nostra

143 3349 240 3394 uersu
262 3327 326 3392 boo
346 3326 476 3394 minime
497 3329 719 3396 labefactatur.

226 3445 296 3512 Iam
317 3456 354 3510 nt
374 3443 416 3510 ed
432 3447 632 3535 propositum
653 3449 829 3530 redeamus,
851 3449 992 3512 carmine
1007 3455 1122 3514 axvnr
1135 3449 1188 3515 do-

142 3583 253 3630 eemur
283 3572 405 3651 quanto
434 3585 532 3650 opere
563 3563 708 3631 Catullus
738 3565 872 3632 Olodiae
906 3587 1014 3630 amors
1044 3567 1187 3632 arserit:

142 3703 249 3769 neque
281 3691 390 3746 tamen
420 3680 482 3748 boo
512 3703 587 3747 uno.
629 3705 703 3747 nem
736 3679 870 3748 eundem
902 3684 1018 3748 amoris
1039 3682 1186 3748 ardorem

142 3820 208 3866 non
229 3797 322 3864 nulla
342 3799 485 3864 earmina
506 3799 571 3864 alis
591 3798 731 3885 spirant,
761 3823 843 3887 quae
864 3801 934 3865 sine
955 3799 1053 3865 dubio
1075 3801 1187 3887 primis

141 3915 261 3982 amoris
291 3913 378 3981 illius
405 3915 621 4004 temporibus,
652 3917 768 4001 quibas
794 3927 891 4004 peeta
917 3917 1019 3982 multo
1046 3916 1186 3980 omnium
