2954 4492
264 331 313 382 uo
548 327 583 380 v1
617 328 666 382 Du
682 327 862 382 moninus
880 327 1033 418 Gdi'vbbl

262 501 421 582 spectant.
463 493 504 560 de
517 493 697 584 Ipsitbillae
711 494 843 585 quidem
864 505 897 562 et
910 496 1082 564 Arretinae
1103 496 1172 562 siue
1190 495 1309 583 quibus

261 610 447 678 nominibus
475 634 530 678 eas
556 612 721 680 nominare
752 612 845 680 malis
870 635 980 680 amore
1007 613 1065 679 uix
1091 613 1199 679 dicere
1225 612 1308 680 licet.

260 738 354 794 eraut
383 728 468 794 enim
500 729 723 797 meretriculae
744 729 834 814 illae,
865 729 908 798 ad
929 751 1065 818 quarum
1086 728 1226 817 priorem
1248 728 1308 796 Oa·

261 845 357 910 tullus
391 844 523 912 libidine
552 867 692 914 ueneror
719 847 868 935 pruriens
894 845 1002 913 nescio
1024 869 1088 936 quo
1109 856 1255 935 tempore
1276 855 1310 912 et

261 963 333 1062 loco
370 983 501 1029 carmen
531 985 621 1029 xxxa
650 964 770 1030 Amabo
802 987 870 1029 mea
900 963 1000 1030 dulcia
1031 963 1192 1049 Ipsa'tlsllu
1222 961 1310 1028 misit

261 1077 342 1146 baec
363 1077 449 1145 haud
470 1079 608 1146 obscure
629 1078 671 1146 ab
693 1101 732 1146 ea
751 1079 911 1166 petiturus

507 1239 588 1303 dona
604 1261 733 1303 maneas
749 1259 901 1326 porcaque
922 1238 1007 1304 achra

464 1377 573 1420 nouom
594 1353 752 1420 reaumaus
763 1353 948 1440 fabricares.

260 1512 395 1578 alteram
416 1509 599 1578 Ametinum
627 1513 660 1578 in
686 1511 812 1578 duobus
840 1511 1035 1580 carminibus
1057 1509 1203 1580 Catullus
1224 1513 1309 1580 male

260 1637 380 1696 tractet
400 1651 503 1694 xxxxi
533 1629 682 1694 Aureliae
705 1629 808 1716 puella
835 1627 979 1716 desubito
1005 1638 1039 1694 et
1063 1652 1190 1696 xxxxrn
1216 1627 1309 1695 Solae

259 1770 315 1813 neo
335 1749 461 1814 mimine
480 1747 586 1831 puello
617 1769 700 1812 aare.
744 1745 785 1814 de
814 1746 935 1812 caussis
964 1746 1131 1836 utriusque
1158 1744 1307 1810 carminis

260 1860 301 1930 (le
326 1863 526 1951 temporibus
552 1871 585 1928 et
616 1861 689 1928 aliis
720 1861 817 1929 rebus
850 1882 934 1952 quae
961 1883 1034 1926 cum
1062 1860 1111 1926 his
1132 1861 1308 1928 cohaerent

259 1979 338 2046 baec
367 1979 538 2046 statuenda
567 1987 652 2045 sunt
695 2002 768 2045 cum
789 1977 936 2046 Catullus
957 1979 990 2044 in
1011 1977 1179 2067 prouincia
1199 1980 1307 2068 patria

258 2096 495 2184 Transpadana
521 2105 736 2162 commoratus
767 2096 820 2180 (cl.
842 2119 966 2162 xxxxru
988 2097 1023 2182 6)
1052 2117 1071 2162 a
1099 2095 1306 2162 meretricula

260 2214 408 2303 quadam,
432 2235 570 2298 quacum
592 2212 759 2282 Mamurra
779 2212 972 2280 Formianos
994 2235 1204 2280 consuescere
1225 2215 1307 2280 sole·

258 2334 323 2416 bat,
346 2331 552 2398 concubitum
574 2333 730 2420 petiisset,
752 2331 831 2398 haec
853 2353 1009 2420 magnum
1028 2331 1171 2419 pretium
1193 2331 1307 2397 decern

258 2449 379 2516 milium
399 2449 582 2516 sestertium
605 2449 763 2538 poposcit.
807 2449 893 2539 quod
916 2471 988 2514 cum
1006 2446 1182 2540 inpendero
1197 2448 1307 2532 nollet,

257 2578 354 2656 poeta
376 2567 417 2633 de
437 2589 494 2658 spe
515 2589 573 2634 sua
594 2567 749 2656 deceptus
773 2566 807 2632 in
827 2565 1066 2634 meretriculam
1088 2564 1231 2632 carmina
1252 2565 1308 2632 illa

258 2685 321 2750 duo
350 2683 492 2773 scripsit,
523 2705 659 2772 quorum
687 2685 721 2750 in
748 2683 848 2750 altero
880 2683 1081 2750 meretricem
1109 2677 1309 2752 ‘defuturam‘

258 2801 458 2885 adlinnauit,
491 2824 563 2868 cum
583 2810 675 2868 tanto
697 2799 801 2890 pretio
822 2825 858 2870 se
878 2823 997 2890 corpus
1018 2799 1185 2868 inliberale
1205 2800 1307 2890 publi·

259 2939 332 2986 care
364 2939 461 3006 possa
494 2917 695 3006 opinaretur,
729 2916 909 2985 dementem
938 2929 1036 3006 atque
1063 2919 1210 2984 insanam
1237 2939 1308 2986 esse

256 3032 448 3102 habendam.
490 3033 524 3100 in
553 3034 653 3100 altero
686 3043 796 3101 autem
828 3035 970 3101 carmine
991 3035 1059 3102 irae
1080 3035 1252 3124 indulgens
1274 3047 1309 3104 et

258 3153 420 3241 repulsam
441 3151 566 3220 ulturus
582 3150 731 3219 Catullus
749 3151 899 3241 puellam,
923 3151 1013 3218 cuius
1033 3152 1217 3242 pulcritudo
1239 3151 1309 3222 sino

259 3268 357 3335 dubio
388 3269 551 3359 inpulerat
581 3279 618 3335 ut
651 3291 723 3334 cum
754 3290 793 3335 ea
821 3270 1034 3336 concumbere
1063 3269 1179 3354 uellet,
1219 3271 1307 3338 omni

259 3386 436 3456 uenustatis
457 3386 555 3455 laude
577 3386 706 3477 priuare
727 3387 844 3454 studet.

425 3537 533 3621 Solae,
554 3561 611 3606 arc
631 3539 751 3606 »autom
765 3540 874 3625 puello
894 3561 973 3606 aare
995 3538 1052 3624 (ci.
1073 3561 1177 3606 xxxxi
1196 3539 1232 3623 3)

422 3677 477 3722 uro
498 3657 571 3722 bella
590 3659 666 3744 pede
685 3679 740 3723 neo
761 3657 869 3746 uipra'a
889 3657 997 3726 ocellis

422 3795 478 3840 aaa
497 3775 598 3861 laepia
620 3773 732 3860 ds'ps‘tis
753 3795 810 3840 aar
829 3797 882 3840 ora
903 3775 989 3840 aa‘oco

423 3912 480 3956 aaa
500 3913 578 3958 sane
597 3891 696 3958 nimai
718 3892 850 3980 elepoate
870 3891 981 3978 linqua
