<?xml version="1.0" encoding="UTF-8"?>
<!DOCTYPE html PUBLIC "-//W3C//DTD XHTML 1.0 Transitional//EN"
    "http://www.w3.org/TR/xhtml1/DTD/xhtml1-transitional.dtd">
<html xmlns="http://www.w3.org/1999/xhtml" xml:lang="en" lang="en">
 <head>
  <title>
</title>
<meta http-equiv="Content-Type" content="text/html;charset=utf-8" />
  <meta name='ocr-system' content='tesseract 3.04.00' />
  <meta name='ocr-capabilities' content='ocr_page ocr_carea ocr_par ocr_line ocrx_word'/>
</head>
<body>
  <div class='ocr_page' id='page_1' title='image "./gvalericatvllil00schwgoog_0434.png"; bbox 0 0 2950 4480; ppageno 0'>
   <div class='ocr_carea' id='block_1_1' title="bbox 579 333 773 391">
    <p class='ocr_par' dir='ltr' id='par_1_1' title="bbox 579 333 773 391">
     <span class='ocr_line' id='line_1_1' title="bbox 579 333 773 391; baseline -0.015 0"><span class='ocrx_word' id='word_1_1' title='bbox 579 333 773 391; x_wconf 79' lang='lat' dir='ltr'>ullu-m</span> 
     </span>
    </p>
   </div>
   <div class='ocr_carea' id='block_1_2' title="bbox 166 521 1051 2511">
    <p class='ocr_par' dir='ltr' id='par_1_2' title="bbox 186 521 913 968">
     <span class='ocr_line' id='line_1_2' title="bbox 186 521 888 608; baseline -0.001 -22"><span class='ocrx_word' id='word_1_2' title='bbox 186 573 192 586; x_wconf 95' lang='lat'><strong><em>.</em></strong></span> <span class='ocrx_word' id='word_1_3' title='bbox 229 527 358 588; x_wconf 82' lang='lat' dir='ltr'>comata</span> <span class='ocrx_word' id='word_1_4' title='bbox 379 521 484 589; x_wconf 87' lang='lat' dir='ltr'>silua:</span> <span class='ocrx_word' id='word_1_5' title='bbox 507 541 585 588; x_wconf 89' lang='lat' dir='ltr'>nam</span> <span class='ocrx_word' id='word_1_6' title='bbox 608 522 732 608; x_wconf 75' lang='lat' dir='ltr'>cyborio</span> <span class='ocrx_word' id='word_1_7' title='bbox 753 523 787 586; x_wconf 91' lang='lat' dir='ltr'>in</span> <span class='ocrx_word' id='word_1_8' title='bbox 812 522 888 606; x_wconf 80' lang='lat' dir='ltr'>iugo</span> 
     </span>
     <span class='ocr_line' id='line_1_3' title="bbox 229 640 907 726; baseline -0.003 -19"><span class='ocrx_word' id='word_1_9' title='bbox 229 641 384 726; x_wconf 74' lang='lat' dir='ltr'><strong>loquente</strong></span> <span class='ocrx_word' id='word_1_10' title='bbox 405 661 503 725; x_wconf 83' lang='lat' dir='ltr'>saepe</span> <span class='ocrx_word' id='word_1_11' title='bbox 524 640 660 707; x_wconf 83' lang='lat' dir='ltr'>sibilum</span> <span class='ocrx_word' id='word_1_12' title='bbox 682 640 785 707; x_wconf 85' lang='lat' dir='ltr'><strong>edidit</strong></span> <span class='ocrx_word' id='word_1_13' title='bbox 806 661 907 706; x_wconf 87' lang='lat' dir='ltr'>coma.</span> 
     </span>
     <span class='ocr_line' id='line_1_4' title="bbox 228 758 886 845; baseline -0.008 -17"><span class='ocrx_word' id='word_1_14' title='bbox 228 761 379 828; x_wconf 76' lang='lat' dir='ltr'>Amastri</span> <span class='ocrx_word' id='word_1_15' title='bbox 399 761 532 845; x_wconf 87' lang='lat' dir='ltr'>pontica</span> <span class='ocrx_word' id='word_1_16' title='bbox 553 767 587 826; x_wconf 88' lang='lat' dir='ltr'>et</span> <span class='ocrx_word' id='word_1_17' title='bbox 608 758 725 845; x_wconf 73' lang='lat' dir='ltr'>Cytore</span> <span class='ocrx_word' id='word_1_18' title='bbox 748 759 886 837; x_wconf 80' lang='lat' dir='ltr'>buxifer,</span> 
     </span>
     <span class='ocr_line' id='line_1_5' title="bbox 229 879 913 968; baseline -0.001 -23"><span class='ocrx_word' id='word_1_19' title='bbox 229 880 292 947; x_wconf 90' lang='lat' dir='ltr'>tibi</span> <span class='ocrx_word' id='word_1_20' title='bbox 314 880 395 946; x_wconf 88' lang='lat' dir='ltr'>haec</span> <span class='ocrx_word' id='word_1_21' title='bbox 416 879 519 945; x_wconf 81' lang='lat' dir='ltr'>fuisse</span> <span class='ocrx_word' id='word_1_22' title='bbox 541 889 575 945; x_wconf 83' lang='lat' dir='ltr'>ct</span> <span class='ocrx_word' id='word_1_23' title='bbox 596 899 672 968; x_wconf 80' lang='lat' dir='ltr'>esse</span> <span class='ocrx_word' id='word_1_24' title='bbox 689 881 913 965; x_wconf 73' lang='lat' dir='ltr'>cognitissima</span> 
     </span>
    </p>

    <p class='ocr_par' dir='ltr' id='par_1_3' title="bbox 166 998 1051 2511">
     <span class='ocr_line' id='line_1_6' title="bbox 168 998 829 1083; baseline 0 -19"><span class='ocrx_word' id='word_1_25' title='bbox 168 1000 208 1065; x_wconf 86' lang='lat'>15</span> <span class='ocrx_word' id='word_1_26' title='bbox 231 999 280 1065; x_wconf 85' lang='lat' dir='ltr'>ait</span> <span class='ocrx_word' id='word_1_27' title='bbox 299 998 474 1083; x_wconf 74' lang='lat' dir='ltr'><strong>phaselus:</strong></span> <span class='ocrx_word' id='word_1_28' title='bbox 499 998 619 1064; x_wconf 88' lang='lat' dir='ltr'>ultima</span> <span class='ocrx_word' id='word_1_29' title='bbox 640 1019 681 1062; x_wconf 85' lang='lat' dir='ltr'>sx</span> <span class='ocrx_word' id='word_1_30' title='bbox 704 999 829 1082; x_wconf 75' lang='lat' dir='ltr'>origine</span> 
     </span>
     <span class='ocr_line' id='line_1_7' title="bbox 230 1116 799 1194; baseline -0.002 -11"><span class='ocrx_word' id='word_1_31' title='bbox 230 1129 287 1184; x_wconf 86' lang='lat' dir='ltr'>tuo</span> <span class='ocrx_word' id='word_1_32' title='bbox 310 1119 440 1184; x_wconf 85' lang='lat' dir='ltr'>stetisse</span> <span class='ocrx_word' id='word_1_33' title='bbox 461 1116 543 1182; x_wconf 84' lang='lat' dir='ltr'>dicit</span> <span class='ocrx_word' id='word_1_34' title='bbox 564 1119 598 1182; x_wconf 92' lang='lat' dir='ltr'>in</span> <span class='ocrx_word' id='word_1_35' title='bbox 621 1118 799 1194; x_wconf 73' lang='lat' dir='ltr'>cacumine,</span> 
     </span>
     <span class='ocr_line' id='line_1_8' title="bbox 231 1236 883 1321; baseline -0.002 -18"><span class='ocrx_word' id='word_1_36' title='bbox 231 1246 286 1303; x_wconf 91' lang='lat' dir='ltr'>tuo</span> <span class='ocrx_word' id='word_1_37' title='bbox 309 1236 469 1304; x_wconf 81' lang='lat' dir='ltr'>imbuisse</span> <span class='ocrx_word' id='word_1_38' title='bbox 490 1237 656 1320; x_wconf 84' lang='lat' dir='ltr'>palmulas</span> <span class='ocrx_word' id='word_1_39' title='bbox 678 1238 712 1301; x_wconf 93' lang='lat' dir='ltr'>in</span> <span class='ocrx_word' id='word_1_40' title='bbox 735 1258 883 1321; x_wconf 80' lang='lat' dir='ltr'>aequore,</span> 
     </span>
     <span class='ocr_line' id='line_1_9' title="bbox 231 1355 835 1440; baseline 0 -18"><span class='ocrx_word' id='word_1_41' title='bbox 231 1365 265 1422; x_wconf 90' lang='lat' dir='ltr'>et</span> <span class='ocrx_word' id='word_1_42' title='bbox 286 1355 362 1421; x_wconf 89' lang='lat' dir='ltr'>inde</span> <span class='ocrx_word' id='word_1_43' title='bbox 384 1363 434 1422; x_wconf 85' lang='lat' dir='ltr'>tot</span> <span class='ocrx_word' id='word_1_44' title='bbox 454 1377 514 1440; x_wconf 85' lang='lat' dir='ltr'>per</span> <span class='ocrx_word' id='word_1_45' title='bbox 533 1357 729 1440; x_wconf 75' lang='lat' dir='ltr'>impotentia</span> <span class='ocrx_word' id='word_1_46' title='bbox 750 1358 835 1422; x_wconf 82' lang='lat' dir='ltr'>freta</span> 
     </span>
     <span class='ocr_line' id='line_1_10' title="bbox 231 1475 867 1555; baseline 0.002 -15"><span class='ocrx_word' id='word_1_47' title='bbox 231 1475 350 1541; x_wconf 82' lang='lat' dir='ltr'>herum</span> <span class='ocrx_word' id='word_1_48' title='bbox 371 1475 497 1555; x_wconf 86' lang='lat' dir='ltr'>tulisse,</span> <span class='ocrx_word' id='word_1_49' title='bbox 520 1475 617 1542; x_wconf 81' lang='lat' dir='ltr'>laeua</span> <span class='ocrx_word' id='word_1_50' title='bbox 638 1476 709 1541; x_wconf 87' lang='lat' dir='ltr'>siue</span> <span class='ocrx_word' id='word_1_51' title='bbox 731 1475 867 1542; x_wconf 83' lang='lat' dir='ltr'>dextera</span> 
     </span>
     <span class='ocr_line' id='line_1_11' title="bbox 166 1593 922 1680; baseline 0 -22"><span class='ocrx_word' id='word_1_52' title='bbox 166 1593 209 1658; x_wconf 82' lang='lat'>20</span> <span class='ocrx_word' id='word_1_53' title='bbox 231 1605 361 1660; x_wconf 82' lang='lat' dir='ltr'>uocaret</span> <span class='ocrx_word' id='word_1_54' title='bbox 382 1615 471 1674; x_wconf 84' lang='lat' dir='ltr'>cura,</span> <span class='ocrx_word' id='word_1_55' title='bbox 493 1596 564 1660; x_wconf 85' lang='lat' dir='ltr'>siuc</span> <span class='ocrx_word' id='word_1_56' title='bbox 587 1600 752 1678; x_wconf 80' lang='lat' dir='ltr'>utrunque</span> <span class='ocrx_word' id='word_1_57' title='bbox 773 1595 922 1680; x_wconf 86' lang='lat' dir='ltr'>luppiter</span> 
     </span>
     <span class='ocr_line' id='line_1_12' title="bbox 232 1713 924 1796; baseline -0.001 -18"><span class='ocrx_word' id='word_1_58' title='bbox 232 1714 332 1778; x_wconf 89' lang='lat' dir='ltr'>simul</span> <span class='ocrx_word' id='word_1_59' title='bbox 355 1714 518 1779; x_wconf 87' lang='lat' dir='ltr'>sccundus</span> <span class='ocrx_word' id='word_1_60' title='bbox 541 1714 711 1779; x_wconf 83' lang='lat' dir='ltr'>incidisset</span> <span class='ocrx_word' id='word_1_61' title='bbox 731 1715 765 1778; x_wconf 90' lang='lat' dir='ltr'>in</span> <span class='ocrx_word' id='word_1_62' title='bbox 788 1713 924 1796; x_wconf 85' lang='lat' dir='ltr'>pedem:</span> 
     </span>
     <span class='ocr_line' id='line_1_13' title="bbox 231 1830 819 1916; baseline 0.003 -20"><span class='ocrx_word' id='word_1_63' title='bbox 231 1853 336 1916; x_wconf 90' lang='lat' dir='ltr'>neque</span> <span class='ocrx_word' id='word_1_64' title='bbox 358 1833 429 1899; x_wconf 89' lang='lat' dir='ltr'>ulla</span> <span class='ocrx_word' id='word_1_65' title='bbox 449 1843 527 1898; x_wconf 87' lang='lat' dir='ltr'>uota</span> <span class='ocrx_word' id='word_1_66' title='bbox 548 1832 734 1899; x_wconf 79' lang='lat' dir='ltr'>litoralibus</span> <span class='ocrx_word' id='word_1_67' title='bbox 754 1830 819 1898; x_wconf 79' lang='lat' dir='ltr'>&lt;liis</span> 
     </span>
     <span class='ocr_line' id='line_1_14' title="bbox 232 1950 923 2028; baseline 0 -12"><span class='ocrx_word' id='word_1_68' title='bbox 232 1950 297 2016; x_wconf 88' lang='lat' dir='ltr'>sibi</span> <span class='ocrx_word' id='word_1_69' title='bbox 318 1971 389 2016; x_wconf 87' lang='lat' dir='ltr'>esec</span> <span class='ocrx_word' id='word_1_70' title='bbox 411 1951 506 2028; x_wconf 85' lang='lat' dir='ltr'>facta,</span> <span class='ocrx_word' id='word_1_71' title='bbox 529 1973 606 2018; x_wconf 91' lang='lat' dir='ltr'>cum</span> <span class='ocrx_word' id='word_1_72' title='bbox 628 1951 756 2016; x_wconf 85' lang='lat' dir='ltr'>ueniret</span> <span class='ocrx_word' id='word_1_73' title='bbox 777 1972 796 2015; x_wconf 84' lang='lat' dir='ltr'>a</span> <span class='ocrx_word' id='word_1_74' title='bbox 817 1954 923 2016; x_wconf 85' lang='lat' dir='ltr'>marei</span> 
     </span>
     <span class='ocr_line' id='line_1_15' title="bbox 233 2068 1051 2154; baseline 0.001 -21"><span class='ocrx_word' id='word_1_75' title='bbox 233 2071 411 2135; x_wconf 86' lang='lat' dir='ltr'>nouissimo</span> <span class='ocrx_word' id='word_1_76' title='bbox 436 2070 524 2136; x_wconf 90' lang='lat' dir='ltr'>hunc</span> <span class='ocrx_word' id='word_1_77' title='bbox 545 2069 587 2136; x_wconf 85' lang='lat' dir='ltr'>ad</span> <span class='ocrx_word' id='word_1_78' title='bbox 609 2091 714 2153; x_wconf 84' lang='lat' dir='ltr'>usquo</span> <span class='ocrx_word' id='word_1_79' title='bbox 735 2068 907 2154; x_wconf 87' lang='lat' dir='ltr'>limpidum</span> <span class='ocrx_word' id='word_1_80' title='bbox 933 2069 1051 2135; x_wconf 88' lang='lat' dir='ltr'>lacum.</span> 
     </span>
     <span class='ocr_line' id='line_1_16' title="bbox 169 2187 946 2272; baseline 0.001 -19"><span class='ocrx_word' id='word_1_81' title='bbox 169 2187 211 2252; x_wconf 81' lang='lat'>25</span> <span class='ocrx_word' id='word_1_82' title='bbox 234 2189 292 2254; x_wconf 86' lang='lat' dir='ltr'>sed</span> <span class='ocrx_word' id='word_1_83' title='bbox 315 2189 397 2255; x_wconf 86' lang='lat' dir='ltr'>haec</span> <span class='ocrx_word' id='word_1_84' title='bbox 417 2190 510 2272; x_wconf 86' lang='lat' dir='ltr'>prius</span> <span class='ocrx_word' id='word_1_85' title='bbox 532 2190 642 2255; x_wconf 84' lang='lat' dir='ltr'>fuere:</span> <span class='ocrx_word' id='word_1_86' title='bbox 666 2210 755 2253; x_wconf 92' lang='lat' dir='ltr'>nunc</span> <span class='ocrx_word' id='word_1_87' title='bbox 777 2189 946 2255; x_wconf 77' lang='lat' dir='ltr'>recondita</span> 
     </span>
     <span class='ocr_line' id='line_1_17' title="bbox 234 2307 821 2391; baseline -0.003 -17"><span class='ocrx_word' id='word_1_88' title='bbox 234 2319 326 2374; x_wconf 84' lang='lat' dir='ltr'>senet</span> <span class='ocrx_word' id='word_1_89' title='bbox 347 2308 458 2391; x_wconf 88' lang='lat' dir='ltr'>quiete</span> <span class='ocrx_word' id='word_1_90' title='bbox 479 2327 578 2390; x_wconf 84' lang='lat' dir='ltr'>seque</span> <span class='ocrx_word' id='word_1_91' title='bbox 600 2307 821 2386; x_wconf 69' lang='lat' dir='ltr'>dedicatum,</span> 
     </span>
     <span class='ocr_line' id='line_1_18' title="bbox 233 2425 909 2511; baseline 0 -19"><span class='ocrx_word' id='word_1_92' title='bbox 233 2426 372 2510; x_wconf 80' lang='lat' dir='ltr'>gemelle</span> <span class='ocrx_word' id='word_1_93' title='bbox 395 2425 515 2493; x_wconf 78' lang='lat' dir='ltr'>Onetor</span> <span class='ocrx_word' id='word_1_94' title='bbox 537 2433 570 2491; x_wconf 85' lang='lat' dir='ltr'>ct</span> <span class='ocrx_word' id='word_1_95' title='bbox 590 2426 731 2511; x_wconf 80' lang='lat' dir='ltr'>gemelle</span> <span class='ocrx_word' id='word_1_96' title='bbox 754 2425 909 2492; x_wconf 77' lang='lat' dir='ltr'>Castoris.</span> 
     </span>
    </p>
   </div>
   <div class='ocr_carea' id='block_1_3' title="bbox 169 2681 1189 2834">
    <p class='ocr_par' dir='ltr' id='par_1_4' title="bbox 169 2681 1189 2834">
     <span class='ocr_line' id='line_1_19' title="bbox 172 2681 1189 2750; baseline 0.001 -15"><span class='ocrx_word' id='word_1_97' title='bbox 172 2683 200 2735; x_wconf 87' lang='lat'>11</span> <span class='ocrx_word' id='word_1_98' title='bbox 220 2683 323 2734; x_wconf 79' lang='lat' dir='ltr'>citeorio</span> <span class='ocrx_word' id='word_1_99' title='bbox 348 2692 360 2738; x_wconf 86' lang='grc' dir='ltr'>ΙΙ</span> <span class='ocrx_word' id='word_1_100' title='bbox 389 2682 419 2733; x_wconf 84' lang='grc'>13</span> <span class='ocrx_word' id='word_1_101' title='bbox 435 2683 527 2735; x_wconf 78' lang='lat' dir='ltr'>cithari</span> <span class='ocrx_word' id='word_1_102' title='bbox 550 2692 563 2741; x_wconf 88' lang='grc' dir='ltr'>ΙΙ</span> <span class='ocrx_word' id='word_1_103' title='bbox 591 2685 620 2733; x_wconf 86' lang='grc'>14</span> <span class='ocrx_word' id='word_1_104' title='bbox 638 2683 814 2750; x_wconf 65' lang='lat' dir='ltr'>cognocimus</span> <span class='ocrx_word' id='word_1_105' title='bbox 836 2689 849 2738; x_wconf 83' lang='lat' dir='ltr'>ll</span> <span class='ocrx_word' id='word_1_106' title='bbox 876 2681 906 2732; x_wconf 80' lang='lat'>17</span> <span class='ocrx_word' id='word_1_107' title='bbox 925 2681 991 2733; x_wconf 80' lang='lat' dir='ltr'>&#39;l&#39;um</span> <span class='ocrx_word' id='word_1_108' title='bbox 1009 2692 1022 2738; x_wconf 85' lang='grc' dir='ltr'>Η</span> <span class='ocrx_word' id='word_1_109' title='bbox 1042 2681 1075 2732; x_wconf 79' lang='lat'>&#39;20</span> <span class='ocrx_word' id='word_1_110' title='bbox 1093 2683 1189 2736; x_wconf 75' lang='lat' dir='ltr'>Vocare</span> 
     </span>
     <span class='ocr_line' id='line_1_20' title="bbox 169 2763 1033 2834; baseline 0 -14"><span class='ocrx_word' id='word_1_111' title='bbox 169 2787 229 2820; x_wconf 80' lang='lat' dir='ltr'>eura</span> <span class='ocrx_word' id='word_1_112' title='bbox 252 2777 265 2826; x_wconf 79' lang='grc' dir='ltr'>Η</span> <span class='ocrx_word' id='word_1_113' title='bbox 290 2769 439 2820; x_wconf 68' lang='lat' dir='ltr'>saoneres</span> <span class='ocrx_word' id='word_1_114' title='bbox 461 2778 474 2825; x_wconf 77' lang='lat' dir='ltr'>ll</span> <span class='ocrx_word' id='word_1_115' title='bbox 498 2768 531 2819; x_wconf 81' lang='lat'>24</span> <span class='ocrx_word' id='word_1_116' title='bbox 548 2767 690 2820; x_wconf 84' lang='lat' dir='ltr'>Nouissima</span> <span class='ocrx_word' id='word_1_117' title='bbox 714 2777 726 2826; x_wconf 89' lang='grc' dir='ltr'>ΙΙ</span> <span class='ocrx_word' id='word_1_118' title='bbox 751 2767 783 2818; x_wconf 76' lang='lat'>27</span> <span class='ocrx_word' id='word_1_119' title='bbox 802 2763 906 2834; x_wconf 81' lang='lat' dir='ltr'>Castor]</span> <span class='ocrx_word' id='word_1_120' title='bbox 924 2781 1033 2820; x_wconf 73' lang='lat' dir='ltr'>cuorum</span> 
     </span>
    </p>
   </div>
   <div class='ocr_carea' id='block_1_4' title="bbox 127 2921 1196 3925">
    <p class='ocr_par' dir='ltr' id='par_1_5' title="bbox 166 2921 1196 3498">
     <span class='ocr_line' id='line_1_21' title="bbox 166 2921 1191 2990; baseline 0 -18"><span class='ocrx_word' id='word_1_121' title='bbox 166 2939 213 2990; x_wconf 78' lang='lat' dir='ltr'>per</span> <span class='ocrx_word' id='word_1_122' title='bbox 231 2931 302 2973; x_wconf 74' lang='lat' dir='ltr'>tobim</span> <span class='ocrx_word' id='word_1_123' title='bbox 319 2921 363 2971; x_wconf 80' lang='lat' dir='ltr'>boc</span> <span class='ocrx_word' id='word_1_124' title='bbox 379 2939 473 2972; x_wconf 80' lang='lat' dir='ltr'>carmen</span> <span class='ocrx_word' id='word_1_125' title='bbox 490 2921 669 2987; x_wconf 77' lang='lat' dir='ltr'>conparandam</span> <span class='ocrx_word' id='word_1_126' title='bbox 685 2921 802 2973; x_wconf 77' lang='lat' dir='ltr'>‘Sabinus</span> <span class='ocrx_word' id='word_1_127' title='bbox 814 2921 857 2974; x_wconf 85' lang='lat' dir='ltr'>ills</span> <span class='ocrx_word' id='word_1_128' title='bbox 869 2937 943 2988; x_wconf 83' lang='lat' dir='ltr'>qnam</span> <span class='ocrx_word' id='word_1_129' title='bbox 955 2923 1048 2974; x_wconf 77' lang='lat' dir='ltr'>uidetis</span> <span class='ocrx_word' id='word_1_130' title='bbox 1062 2921 1191 2990; x_wconf 81' lang='lat' dir='ltr'>bospites&#39;.</span> 
     </span>
     <span class='ocr_line' id='line_1_22' title="bbox 169 3004 1190 3071; baseline -0.002 -13"><span class='ocrx_word' id='word_1_131' title='bbox 169 3007 268 3071; x_wconf 69' lang='lat' dir='ltr'>denique</span> <span class='ocrx_word' id='word_1_132' title='bbox 285 3007 316 3070; x_wconf 73' lang='lat' dir='ltr'>es.</span> <span class='ocrx_word' id='word_1_133' title='bbox 338 3004 475 3056; x_wconf 69' lang='lat' dir='ltr'>lirmnimi</span> <span class='ocrx_word' id='word_1_134' title='bbox 491 3004 580 3057; x_wconf 64' lang='lat' dir='ltr'>Moneri</span> <span class='ocrx_word' id='word_1_135' title='bbox 595 3017 618 3056; x_wconf 86' lang='lat' dir='ltr'>et</span> <span class='ocrx_word' id='word_1_136' title='bbox 635 3005 716 3057; x_wconf 83' lang='lat' dir='ltr'>Marii</span> <span class='ocrx_word' id='word_1_137' title='bbox 734 3005 850 3056; x_wconf 73' lang='lat' dir='ltr'>Victorini</span> <span class='ocrx_word' id='word_1_138' title='bbox 866 3006 929 3056; x_wconf 74' lang='lat' dir='ltr'>locos</span> <span class='ocrx_word' id='word_1_139' title='bbox 947 3007 1031 3070; x_wconf 70' lang='lat' dir='ltr'>quibui</span> <span class='ocrx_word' id='word_1_140' title='bbox 1049 3023 1132 3056; x_wconf 79' lang='lat' dir='ltr'>uersus</span> <span class='ocrx_word' id='word_1_141' title='bbox 1149 3025 1190 3056; x_wconf 84' lang='lat' dir='ltr'>ca·</span> 
     </span>
     <span class='ocr_line' id='line_1_23' title="bbox 170 3091 1192 3157; baseline -0.001 -14"><span class='ocrx_word' id='word_1_142' title='bbox 170 3092 269 3143; x_wconf 75' lang='lat' dir='ltr'>tulliani</span> <span class='ocrx_word' id='word_1_143' title='bbox 284 3091 377 3143; x_wconf 76' lang='lat' dir='ltr'>cutilia</span> <span class='ocrx_word' id='word_1_144' title='bbox 394 3109 478 3142; x_wconf 74' lang='lat' dir='ltr'>uernis</span> <span class='ocrx_word' id='word_1_145' title='bbox 496 3109 567 3142; x_wconf 79' lang='lat' dir='ltr'>nouos</span> <span class='ocrx_word' id='word_1_146' title='bbox 585 3093 635 3157; x_wconf 74' lang='grc' dir='ltr'><strong>ι’ρει·</strong></span> <span class='ocrx_word' id='word_1_147' title='bbox 643 3093 769 3155; x_wconf 69' lang='lat' dir='ltr'>finxerunt</span> <span class='ocrx_word' id='word_1_148' title='bbox 835 3091 852 3140; x_wconf 83' lang='lat'><strong>3</strong></span> <span class='ocrx_word' id='word_1_149' title='bbox 870 3091 977 3142; x_wconf 81' lang='lat' dir='ltr'>uolantis</span> <span class='ocrx_word' id='word_1_150' title='bbox 994 3093 1113 3156; x_wconf 82' lang='lat' dir='ltr'>impetum</span> <span class='ocrx_word' id='word_1_151' title='bbox 1124 3091 1192 3143; x_wconf 80' lang='lat' dir='ltr'>alitis</span> 
     </span>
     <span class='ocr_line' id='line_1_24' title="bbox 171 3169 1193 3256; baseline -0.002 -27"><span class='ocrx_word' id='word_1_152' title='bbox 171 3169 216 3256; x_wconf 77' lang='grc' dir='ltr'>βω</span> <span class='ocrx_word' id='word_1_153' title='bbox 300 3177 317 3228; x_wconf 87' lang='lat'>8</span> <span class='ocrx_word' id='word_1_154' title='bbox 335 3177 483 3229; x_wconf 82' lang='lat' dir='ltr'>Rhodnmne</span> <span class='ocrx_word' id='word_1_155' title='bbox 501 3205 532 3214; x_wconf 88' lang='lat'><em>-</em></span> <span class='ocrx_word' id='word_1_156' title='bbox 551 3177 709 3226; x_wconf 81' lang='lat' dir='ltr'>borridcmne</span> <span class='ocrx_word' id='word_1_157' title='bbox 727 3193 752 3230; x_wconf 82' lang='grc' dir='ltr'>ω</span> <span class='ocrx_word' id='word_1_158' title='bbox 832 3177 863 3227; x_wconf 84' lang='lat' dir='ltr'>lb</span> <span class='ocrx_word' id='word_1_159' title='bbox 880 3185 936 3240; x_wconf 77' lang='lat' dir='ltr'>post</span> <span class='ocrx_word' id='word_1_160' title='bbox 953 3177 1058 3243; x_wconf 78' lang='lat' dir='ltr'>origine,</span> <span class='ocrx_word' id='word_1_161' title='bbox 1077 3186 1193 3242; x_wconf 75' lang='lat' dir='ltr'>conpos!</span> 
     </span>
     <span class='ocr_line' id='line_1_25' title="bbox 171 3259 1191 3329; baseline -0.003 -15"><span class='ocrx_word' id='word_1_162' title='bbox 171 3261 288 3329; x_wconf 80' lang='lat' dir='ltr'>phaselus</span> <span class='ocrx_word' id='word_1_163' title='bbox 298 3262 393 3326; x_wconf 80' lang='lat' dir='ltr'>planius</span> <span class='ocrx_word' id='word_1_164' title='bbox 405 3261 551 3327; x_wconf 68' lang='lat' dir='ltr'>ioeeipnnxit</span> <span class='ocrx_word' id='word_1_165' title='bbox 560 3260 589 3310; x_wconf 86' lang='lat' dir='ltr'><em>K</em></span> <span class='ocrx_word' id='word_1_166' title='bbox 590 3261 674 3311; x_wconf 72' lang='lat' dir='ltr'>letzim</span> <span class='ocrx_word' id='word_1_167' title='bbox 686 3261 771 3312; x_wconf 66' lang='lat' dir='ltr'>avesna.</span> <span class='ocrx_word' id='word_1_168' title='bbox 782 3279 809 3327; x_wconf 86' lang='lat' dir='ltr'>p.</span> <span class='ocrx_word' id='word_1_169' title='bbox 820 3259 883 3310; x_wconf 87' lang='lat'><em>1111</em></span> <span class='ocrx_word' id='word_1_170' title='bbox 946 3259 981 3311; x_wconf 84' lang='lat'>20</span> <span class='ocrx_word' id='word_1_171' title='bbox 992 3261 1103 3327; x_wconf 76' lang='lat' dir='ltr'>Vagarat</span> <span class='ocrx_word' id='word_1_172' title='bbox 1111 3261 1191 3312; x_wconf 80' lang='lat' dir='ltr'>Luci-</span> 
     </span>
     <span class='ocr_line' id='line_1_26' title="bbox 172 3345 1196 3413; baseline -0.002 -15"><span class='ocrx_word' id='word_1_173' title='bbox 172 3365 271 3398; x_wconf 65' lang='grc' dir='ltr'>πωπω</span> <span class='ocrx_word' id='word_1_174' title='bbox 280 3346 315 3398; x_wconf 81' lang='lat' dir='ltr'>ad</span> <span class='ocrx_word' id='word_1_175' title='bbox 323 3347 458 3398; x_wconf 71' lang='lat' dir='ltr'>Lumetiam</span> <span class='ocrx_word' id='word_1_176' title='bbox 465 3347 547 3413; x_wconf 80' lang='grc' dir='ltr'><strong>ρ.178</strong></span> <span class='ocrx_word' id='word_1_177' title='bbox 556 3349 612 3410; x_wconf 74' lang='lat' dir='ltr'>(rec.</span> <span class='ocrx_word' id='word_1_178' title='bbox 618 3345 761 3412; x_wconf 76' lang='lat' dir='ltr'>Hauptiua).</span> <span class='ocrx_word' id='word_1_179' title='bbox 769 3345 814 3397; x_wconf 78' lang='lat' dir='ltr'>sed</span> <span class='ocrx_word' id='word_1_180' title='bbox 820 3363 844 3398; x_wconf 88' lang='lat' dir='ltr'>u.</span> <span class='ocrx_word' id='word_1_181' title='bbox 854 3345 976 3397; x_wconf 76' lang='lat' dir='ltr'>Klotaeium</span> <span class='ocrx_word' id='word_1_182' title='bbox 985 3345 1070 3398; x_wconf 80' lang='lat' dir='ltr'>emend.</span> <span class='ocrx_word' id='word_1_183' title='bbox 1078 3363 1105 3410; x_wconf 80' lang='lat' dir='ltr'>p.</span> <span class='ocrx_word' id='word_1_184' title='bbox 1113 3345 1196 3397; x_wconf 84' lang='lat' dir='ltr'><em>VIIII</em></span> 
     </span>
     <span class='ocr_line' id='line_1_27' title="bbox 173 3429 1120 3498; baseline -0.001 -16"><span class='ocrx_word' id='word_1_185' title='bbox 173 3442 195 3482; x_wconf 78' lang='lat' dir='ltr'>el</span> <span class='ocrx_word' id='word_1_186' title='bbox 212 3432 343 3498; x_wconf 69' lang='lat' dir='ltr'>Berylium</span> <span class='ocrx_word' id='word_1_187' title='bbox 365 3451 420 3482; x_wconf 74' lang='lat' dir='ltr'>onio.</span> <span class='ocrx_word' id='word_1_188' title='bbox 444 3449 496 3483; x_wconf 84' lang='lat' dir='ltr'>ocu.</span> <span class='ocrx_word' id='word_1_189' title='bbox 519 3431 590 3482; x_wconf 77' lang='lat' dir='ltr'>Iuba.</span> <span class='ocrx_word' id='word_1_190' title='bbox 609 3429 769 3480; x_wconf 78' lang='lat' dir='ltr'><em>LXXXIII</em></span> <span class='ocrx_word' id='word_1_191' title='bbox 787 3430 842 3482; x_wconf 80' lang='grc'>629</span> <span class='ocrx_word' id='word_1_192' title='bbox 910 3431 943 3481; x_wconf 80' lang='lat'>22</span> <span class='ocrx_word' id='word_1_193' title='bbox 961 3430 1015 3482; x_wconf 75' lang='lat' dir='ltr'>(leis</span> <span class='ocrx_word' id='word_1_194' title='bbox 1030 3447 1055 3484; x_wconf 80' lang='grc' dir='ltr'><strong>ω</strong></span> <span class='ocrx_word' id='word_1_195' title='bbox 1074 3431 1120 3481; x_wconf 69' lang='lat' dir='ltr'>bn</span> 
     </span>
    </p>

    <p class='ocr_par' dir='ltr' id='par_1_6' title="bbox 127 3508 1194 3925">
     <span class='ocr_line' id='line_1_28' title="bbox 172 3508 1193 3596; baseline -0.002 -28"><span class='ocrx_word' id='word_1_196' title='bbox 172 3517 207 3568; x_wconf 74' lang='lat'>28</span> <span class='ocrx_word' id='word_1_197' title='bbox 227 3536 244 3568; x_wconf 79' lang='lat' dir='ltr'>a</span> <span class='ocrx_word' id='word_1_198' title='bbox 265 3519 343 3568; x_wconf 83' lang='lat' dir='ltr'>marci</span> <span class='ocrx_word' id='word_1_199' title='bbox 361 3521 407 3583; x_wconf 78' lang='lat' dir='ltr'>(ex</span> <span class='ocrx_word' id='word_1_200' title='bbox 428 3525 525 3568; x_wconf 77' lang='lat' dir='ltr'>amaret</span> <span class='ocrx_word' id='word_1_201' title='bbox 549 3515 583 3584; x_wconf 80' lang='lat' dir='ltr'>V)</span> <span class='ocrx_word' id='word_1_202' title='bbox 602 3517 661 3566; x_wconf 79' lang='lat' dir='ltr'>Lm.-</span> <span class='ocrx_word' id='word_1_203' title='bbox 681 3533 783 3569; x_wconf 78' lang='lat' dir='ltr'>s-rnara</span> <span class='ocrx_word' id='word_1_204' title='bbox 799 3509 842 3596; x_wconf 83' lang='grc' dir='ltr'>βω</span> <span class='ocrx_word' id='word_1_205' title='bbox 936 3515 968 3566; x_wconf 72' lang='lat' dir='ltr'>m</span> <span class='ocrx_word' id='word_1_206' title='bbox 988 3515 1131 3567; x_wconf 77' lang='lat' dir='ltr'>Nouissime</span> <span class='ocrx_word' id='word_1_207' title='bbox 1150 3508 1193 3594; x_wconf 78' lang='grc' dir='ltr'>βω</span> 
     </span>
     <span class='ocr_line' id='line_1_29' title="bbox 174 3599 1192 3669; baseline 0.001 -18"><span class='ocrx_word' id='word_1_208' title='bbox 174 3601 220 3669; x_wconf 74' lang='lat' dir='ltr'>(cs.</span> <span class='ocrx_word' id='word_1_209' title='bbox 246 3601 342 3652; x_wconf 75' lang='lat' dir='ltr'>chtzii</span> <span class='ocrx_word' id='word_1_210' title='bbox 368 3602 454 3654; x_wconf 60' lang='lat' dir='ltr'>moeni</span> <span class='ocrx_word' id='word_1_211' title='bbox 482 3601 548 3668; x_wconf 89' lang='lat' dir='ltr'>X):</span> <span class='ocrx_word' id='word_1_212' title='bbox 582 3601 724 3654; x_wconf 80' lang='lat' dir='ltr'>Nonissims</span> <span class='ocrx_word' id='word_1_213' title='bbox 755 3599 817 3656; x_wconf 82' lang='lat' dir='ltr'>l&#39;m</span> <span class='ocrx_word' id='word_1_214' title='bbox 833 3601 880 3652; x_wconf 89' lang='lat' dir='ltr'>Lm</span> <span class='ocrx_word' id='word_1_215' title='bbox 1010 3600 1118 3653; x_wconf 76' lang='lat' dir='ltr'>cc-a‘l</span> <span class='ocrx_word' id='word_1_216' title='bbox 1137 3619 1192 3652; x_wconf 83' lang='lat' dir='ltr'>nam</span> 
     </span>
     <span class='ocr_line' id='line_1_30' title="bbox 173 3685 1192 3754; baseline 0 -15"><span class='ocrx_word' id='word_1_217' title='bbox 173 3703 277 3739; x_wconf 77' lang='lat' dir='ltr'>canesco</span> <span class='ocrx_word' id='word_1_218' title='bbox 295 3695 322 3737; x_wconf 79' lang='lat' dir='ltr'>el</span> <span class='ocrx_word' id='word_1_219' title='bbox 339 3705 416 3740; x_wconf 81' lang='lat' dir='ltr'>senec</span> <span class='ocrx_word' id='word_1_220' title='bbox 434 3687 501 3754; x_wconf 76' lang='lat' dir='ltr'>apud</span> <span class='ocrx_word' id='word_1_221' title='bbox 518 3687 632 3753; x_wconf 78' lang='lat' dir='ltr'>antiquos</span> <span class='ocrx_word' id='word_1_222' title='bbox 651 3686 791 3738; x_wconf 81' lang='lat' dir='ltr'>dicebatur:</span> <span class='ocrx_word' id='word_1_223' title='bbox 810 3687 878 3738; x_wconf 85' lang='lat' dir='ltr'>unde</span> <span class='ocrx_word' id='word_1_224' title='bbox 896 3696 923 3737; x_wconf 85' lang='lat' dir='ltr'>ct</span> <span class='ocrx_word' id='word_1_225' title='bbox 934 3685 1047 3738; x_wconf 82' lang='lat' dir='ltr'>Catullus</span> <span class='ocrx_word' id='word_1_226' title='bbox 1066 3691 1138 3739; x_wconf 85' lang='lat' dir='ltr'>‘nnnc</span> <span class='ocrx_word' id='word_1_227' title='bbox 1151 3705 1192 3739; x_wconf 78' lang='lat' dir='ltr'>rs·</span> 
     </span>
     <span class='ocr_line' id='line_1_31' title="bbox 127 3771 1193 3837; baseline 0 -13"><span class='ocrx_word' id='word_1_228' title='bbox 127 3831 130 3836; x_wconf 46' lang='grc'><em>,</em></span> <span class='ocrx_word' id='word_1_229' title='bbox 173 3771 276 3824; x_wconf 69' lang='lat' dir='ltr'>condita</span> <span class='ocrx_word' id='word_1_230' title='bbox 294 3799 323 3808; x_wconf 71' lang='lat'>›-</span> <span class='ocrx_word' id='word_1_231' title='bbox 344 3771 468 3824; x_wconf 68' lang='lat' dir='ltr'>Castoris*</span> <span class='ocrx_word' id='word_1_232' title='bbox 485 3771 614 3822; x_wconf 81' lang='lat' dir='ltr'>Diomedes</span> <span class='ocrx_word' id='word_1_233' title='bbox 633 3781 680 3822; x_wconf 81' lang='lat' dir='ltr'>art.</span> <span class='ocrx_word' id='word_1_234' title='bbox 697 3791 736 3837; x_wconf 70' lang='grc' dir='ltr'>ψ.</span> <span class='ocrx_word' id='word_1_235' title='bbox 753 3771 771 3822; x_wconf 92' lang='lat' dir='ltr'><em>I</em></span> <span class='ocrx_word' id='word_1_236' title='bbox 784 3773 841 3824; x_wconf 77' lang='lat'>335</span> <span class='ocrx_word' id='word_1_237' title='bbox 860 3771 887 3822; x_wconf 92' lang='lat' dir='ltr'><em>P</em></span> <span class='ocrx_word' id='word_1_238' title='bbox 901 3773 963 3834; x_wconf 65' lang='lat'>315,</span> <span class='ocrx_word' id='word_1_239' title='bbox 985 3773 1002 3824; x_wconf 83' lang='lat'><strong><em>6</em></strong></span> <span class='ocrx_word' id='word_1_240' title='bbox 1020 3771 1087 3823; x_wconf 73' lang='lat' dir='ltr'>Keil.</span> <span class='ocrx_word' id='word_1_241' title='bbox 1105 3772 1193 3824; x_wconf 73' lang='lat' dir='ltr'>Catul-</span> 
     </span>
     <span class='ocr_line' id='line_1_32' title="bbox 173 3855 1194 3925; baseline -0.002 -17"><span class='ocrx_word' id='word_1_242' title='bbox 173 3857 213 3908; x_wconf 86' lang='lat' dir='ltr'>lns</span> <span class='ocrx_word' id='word_1_243' title='bbox 231 3855 295 3906; x_wconf 83' lang='lat' dir='ltr'>‘Sed</span> <span class='ocrx_word' id='word_1_244' title='bbox 313 3855 376 3907; x_wconf 77' lang='lat' dir='ltr'>base</span> <span class='ocrx_word' id='word_1_245' title='bbox 388 3895 413 3910; x_wconf 89' lang='lat'>..</span> <span class='ocrx_word' id='word_1_246' title='bbox 432 3857 516 3924; x_wconf 74' lang='lat' dir='ltr'>(prim</span> <span class='ocrx_word' id='word_1_247' title='bbox 533 3875 569 3906; x_wconf 79' lang='lat' dir='ltr'>om</span> <span class='ocrx_word' id='word_1_248' title='bbox 588 3857 656 3925; x_wconf 75' lang='lat' dir='ltr'>libri)</span> <span class='ocrx_word' id='word_1_249' title='bbox 676 3857 758 3908; x_wconf 81' lang='lat' dir='ltr'>luera:</span> <span class='ocrx_word' id='word_1_250' title='bbox 775 3875 800 3908; x_wconf 90' lang='lat' dir='ltr'>n.</span> <span class='ocrx_word' id='word_1_251' title='bbox 812 3876 833 3909; x_wconf 86' lang='lat' dir='ltr'>r.</span> <span class='ocrx_word' id='word_1_252' title='bbox 845 3875 866 3909; x_wconf 84' lang='lat' dir='ltr'>s.</span> <span class='ocrx_word' id='word_1_253' title='bbox 883 3859 982 3924; x_wconf 79' lang='lat' dir='ltr'>quiste&#39;</span> <span class='ocrx_word' id='word_1_254' title='bbox 1000 3857 1123 3908; x_wconf 62' lang='lat' dir='ltr'>flocco</span> <span class='ocrx_word' id='word_1_255' title='bbox 1140 3856 1194 3906; x_wconf 69' lang='lat' dir='ltr'>icona</span> 
     </span>
    </p>
   </div>
   <div class='ocr_carea' id='block_1_5' title="bbox 973 3961 990 4012">
    <p class='ocr_par' dir='ltr' id='par_1_7' title="bbox 973 3961 990 4012">
     <span class='ocr_line' id='line_1_33' title="bbox 973 3961 990 4012; baseline 0 0"><span class='ocrx_word' id='word_1_256' title='bbox 973 3961 990 4012; x_wconf 77' lang='grc'><strong><em>2</em></strong></span> 
     </span>
    </p>
   </div>
   <div class='ocr_carea' id='block_1_6' title="bbox 0 0 1503 4480">
    <p class='ocr_par' dir='ltr' id='par_1_8' title="bbox 0 0 1503 4480">
     <span class='ocr_line' id='line_1_34' title="bbox 0 0 1503 4480; baseline 0 0"><span class='ocrx_word' id='word_1_257' title='bbox 0 0 1503 4480; x_wconf 95' lang='lat' dir='ltr'> </span> 
     </span>
    </p>
   </div>
  </div>
 </body>
</html>
