2950 4480
671 255 718 306 XV
740 255 899 307 l-XVl2

750 440 818 508 XV

341 544 546 646 Gommcndo
569 578 629 644 tibi
651 601 703 646 me
727 601 764 645 ac
785 599 876 644 meos
898 596 1036 654 amores,

338 697 463 764 Aureli.
487 699 620 764 ueniam
642 707 717 782 pete
737 697 925 782 pudentem,

340 825 386 895 nt,
410 817 439 882 si
461 817 637 901 quiequam
666 817 777 884 animo
800 825 858 884 tuo
879 817 999 900 cupisti

341 935 428 1018 qnod
453 943 581 1002 castum
604 945 771 1020 expeteres
794 945 827 1000 et
847 937 1054 1022 integellum,

297 1055 318 1119 5
340 1075 514 1120 conserues
536 1076 675 1139 puerum
698 1055 781 1119 mihi
803 1054 930 1138 pudice,

340 1195 405 1238 non
428 1172 501 1239 dico
523 1195 543 1239 e
564 1175 699 1258 popule:
722 1174 806 1239 nihil
831 1195 982 1240 ueremur

341 1294 423 1358 istos
446 1294 503 1375 qui
525 1295 559 1357 in
582 1293 692 1376 platea
719 1293 817 1359 modo
839 1293 903 1359 huc
924 1291 1021 1358 mede
1042 1293 1123 1357 illue

339 1411 432 1476 inre
460 1418 667 1494 praetereunt
690 1433 750 1478 sna
775 1413 935 1495 occupati:

340 1551 458 1598 uerum
482 1551 499 1598 a
522 1537 555 1596 te
577 1539 687 1596 metuo
713 1539 833 1614 tuoque
854 1551 937 1614 panc

278 1650 319 1717 10
342 1651 464 1716 infeste
486 1651 596 1733 pueris
619 1650 714 1716 bonis
735 1651 906 1731 malisque.

342 1791 440 1853 quem
463 1778 499 1835 tu
523 1791 588 1853 qua
610 1770 709 1848 lubet,
731 1778 769 1835 ut
790 1769 882 1834 lubet
907 1775 1038 1833 menete

341 1897 503 1972 quantum
526 1889 587 1967 uis,
610 1888 667 1954 ubi
689 1891 750 1954 erit
775 1889 864 1965 loris,
887 1895 1055 1972 paratum:

342 2008 431 2073 hunc
454 2029 558 2073 unum
581 2009 718 2092 excipio,
740 2017 779 2074 ut
799 2016 889 2093 puto,
912 2007 1081 2093 pudenter.

342 2125 427 2209 quod
450 2127 533 2192 site
555 2127 645 2193 mala
666 2148 760 2193 mens
782 2127 938 2211 furorque
960 2145 1073 2190 uecors

280 2247 319 2312 15
341 2247 377 2310 in
401 2254 528 2312 tantam
553 2248 733 2330 impulerit,
757 2248 903 2324 sceleste,
932 2247 1062 2328 culpam

343 2375 381 2432 ut
403 2377 555 2433 nostrum
577 2367 707 2432 insidiis
734 2376 832 2453 caput
853 2368 1001 2442 lacessas,

244 2536 262 2569 ,
344 2509 364 2551 a
387 2495 459 2551 turn
482 2496 514 2552 te
537 2487 695 2552 miserum
719 2486 863 2569 malique
885 2487 953 2562 suti,

344 2627 440 2690 quem
464 2608 613 2672 attractis
635 2605 774 2688 pedibus
796 2613 927 2691 patente
949 2612 1045 2687 porta

342 2731 536 2808 percurrent
558 2725 762 2808 raphanique
784 2723 998 2806 mugilesqnc.

746 2894 831 2959 XVI

342 3009 510 3098 Pedicabo
532 3052 591 3117 ego
613 3054 674 3098 uos
696 3043 727 3098 et
749 3031 927 3108 irrumabe,

342 3153 459 3218 Aureli
481 3153 612 3236 pathice
635 3163 667 3215 et
693 3150 827 3215 cinaede
849 3149 942 3225 Furi,

278 3293 592 3303 m....-—...,
607 3293 633 3298 ..-

277 3359 325 3410 XV
341 3358 382 3411 Ad
395 3357 525 3409 Aurelium
550 3369 561 3414 Η
589 3355 620 3406 10
631 3355 751 3421 bonisque
775 3363 788 3411 11
810 3355 837 3405 11
853 3363 881 3405 ut
893 3355 962 3405 iubet
980 3365 992 3411 Η
1012 3349 1072 3402 XVI
1094 3349 1301 3402 l.14Dedicabo

345 3478 393 3529 XV
413 3479 429 3528 2
438 3479 551 3542 fortasse
569 3473 670 3538 Aureli,
695 3483 722 3524 st
739 3473 846 3524 ueniam.
870 3473 968 3524 Aureli.
990 3481 1016 3522 ut
1038 3470 1137 3521 ueniam
1155 3468 1301 3534 Desa-inpius

382 3563 412 3611 17
431 3563 471 3614 Ah
492 3555 534 3638 βω
549 3561 601 3613 Lm.
611 3559 654 3611 aed
666 3559 690 3610 in
707 3557 730 3608 V
729 3559 842 3624 suisseA
852 3558 928 3622 (ccccl
939 3558 986 3608 iam
996 3555 1090 3606 Statius
1103 3555 1214 3620 scripsit)
1225 3571 1303 3620 pocae

278 3654 362 3694 cerrum
386 3655 428 3695 eet.
452 3650 480 3710 ff
504 3665 555 3698 aar.
582 3646 631 3696 lect.
755 3645 785 3696 18
813 3643 902 3695 artatis
925 3641 1049 3708 Metecqcr
1076 3641 1136 3706 spic.
1163 3640 1198 3691 19
1229 3638 1301 3690 Mur-

278 3728 456 3797 cei-Lacuna
475 3731 491 3779 1.
509 3747 528 3780 c.
547 3729 581 3779 11
600 3730 647 3779 tlt

346 3812 408 3864 XVI
429 3815 449 3863 1.
470 3814 500 3864 14
527 3811 668 3863 Paedicabc
692 3829 716 3868 ω
739 3813 786 3863 Lm
816 3811 875 3879 (red
895 3813 926 3878 cs.
947 3810 1131 3862 FBuecltelerus
1153 3828 1211 3863 111111,
1237 3811 1304 3862 rtet.
