3002 4490
523 363 601 417 xlm
634 365 683 417 uu
699 363 806 416 AERIO
1143 371 1192 420 dt?

148 532 309 622 permulta
319 531 494 599 laudabilia
502 531 636 612 inuenit,
647 532 838 598 sententiam
849 530 932 598 dixit
940 531 1053 600 falsam
1062 533 1192 623 quidem

148 651 204 716 sed
219 673 316 738 quam
332 649 516 715 adcuratiue
532 649 770 716 consideremus
790 647 1020 736 dignissimam.
1062 651 1194 718 femina-

148 789 220 834 rum
235 789 305 834 sese
319 767 364 832 sit
378 765 555 853 incorrupti
569 765 724 832 sermonis
739 765 963 855 antiquitatem
978 776 1012 833 et
1025 766 1192 856 integrita-

147 895 214 951 tsm
233 882 359 950 fidelius
374 892 407 950 et
424 882 515 969 quasi
527 883 672 950 tenacius
687 905 783 971 quem
798 883 887 950 uiros
899 905 1040 950 seruare.
1078 885 1139 952 hac
1153 886 1194 952 de

145 1023 182 1067 re
204 1000 342 1089 legendo
363 1011 438 1066 sunt
460 1023 544 1089 quae
564 999 704 1068 Iacobus
724 999 905 1068 Grimmins
930 1001 964 1067 in
991 1001 1193 1088 praefatione

146 1117 290 1186 thesauri
309 1117 441 1204 unguas
462 1117 678 1186 Germanicae
699 1141 728 1206 p.
750 1139 804 1184 xm
832 1119 864 1183 in
891 1119 1079 1184 uniuersum
1100 1118 1192 1186 dixit.

145 1235 231 1301 idem
253 1255 361 1323 neque
375 1232 522 1302 Graecos
543 1255 649 1321 neque
669 1233 834 1302 Romanos
854 1234 956 1301 latuit
990 1235 1032 1300 cf.
1047 1233 1193 1303 Platonis

146 1349 273 1440 Oretyli
304 1372 336 1439 p.
362 1349 425 1416 418
458 1349 485 1418 O
512 1349 567 1417 sul
595 1343 658 1431 cdx
686 1338 803 1436 ἣκιστα
836 1347 872 1416 ct
899 1353 1064 1435 γυναῖκες,
1092 1345 1193 1440 αἵπερ

143 1460 289 1550 μάλιστα
308 1463 364 1557 τὴν
384 1461 524 1554 ἀρχαίαν
542 1463 651 1554 φωνὴν
677 1457 828 1548 σώζουσι.
861 1465 1007 1534 similiter
1020 1467 1193 1556 scriptores

144 1584 253 1652 Laeni
284 1583 326 1650 de
353 1584 413 1651 hac
441 1606 478 1650 re
508 1583 700 1650 iudicarunt.
741 1583 774 1648 in
803 1584 913 1671 primis
936 1582 1102 1652 Giceronis
1129 1583 1192 1652 duc

144 1699 207 1768 loci
235 1699 420 1767 confercndi
447 1709 540 1782 eunt,
568 1722 705 1789 quorum
735 1700 818 1765 alter
837 1699 871 1764 in
891 1698 981 1766 libris
1002 1701 1043 1767 de
1063 1711 1192 1768 oratore

145 1791 191 1904 (iu
229 1817 268 1882 12
300 1819 357 1903 45)
399 1818 479 1884 alter
520 1817 553 1882 iu
588 1815 692 1882 Bruto
732 1817 785 1896 (58
816 1815 893 1900 210)
927 1825 1025 1884 extat
1085 1818 1191 1904 priore

145 1938 218 2003 loeo
245 1935 376 2002 'Pullius
402 1935 440 2000 L.
467 1932 620 2033 Crassum
642 1943 818 2016 oratorem,
847 1953 1004 2020 generum
1026 1933 1067 2015 Q.
1090 1933 1191 2000 Mucii

145 2050 324 2120 Scaeuolae
351 2051 514 2138 Auguris,
545 2051 592 2116 ita
620 2052 807 2140 loquentem
833 2051 912 2136 fecit
932 2074 940 2117 :
963 2053 1098 2138 sqrtidem
1126 2075 1192 2117 cum

143 2167 237 2236 audio
250 2189 374 2236 suorum
386 2191 485 2234 mecm
500 2166 645 2234 Ιιαοῖἰαηι
659 2165 772 2250 (filiam
787 2167 829 2233 G.
844 2165 948 2233 Laelii
962 2165 1138 2256 Sapientis)
1155 2205 1189 2218 -

13 2328 15 2336 ›
135 2285 272 2374 succides
292 2285 377 2351 euim
396 2285 541 2351 mulceres
560 2285 764 2371 incorruptum
778 2285 988 2371 uutiqrtdatam
1002 2297 1192 2364 conseruent,

144 2405 227 2490 quod
254 2402 417 2469 maturum
444 2401 593 2468 aemonis
622 2413 761 2485 supertes
789 2423 827 2466 ec
853 2412 952 2466 tenent
970 2423 1090 2487 semper
1111 2425 1190 2489 quae

143 2525 247 2607 prinu
266 2517 441 2584 deducerunt
461 2555 496 2567 -
520 2543 528 2584 ι
549 2517 605 2583 red
624 2541 694 2583 eum
719 2523 760 2583 itu
786 2519 878 2584 ouds'o
898 2529 930 2582 ut
950 2519 1098 2584 Plautum
1118 2521 1194 2585 muti

145 2648 198 2702 aad
217 2633 374 2703 Nasutum
400 2634 518 2702 uidcor
543 2633 658 2701 audire.
702 2657 777 2702 corso
804 2635 873 2721 ipso
892 2635 981 2701 uocis
1001 2636 1047 2700 s'tc
1067 2649 1146 2702 recto
1165 2649 1193 2701 et

145 2755 276 2839 eimpd'u'
306 2765 352 2818 eat
379 2765 414 2818 ut
444 2752 525 2818 uitri
557 2757 753 2818 ostentuu'eut's
784 2765 838 2817 cut
866 2753 1039 2818 unitationis
1068 2753 1193 2838 adferre

143 2867 316 2936 rddmtur:
344 2891 389 2935 er
415 2893 492 2956 quo
520 2875 580 2934 sie
609 2869 784 2936 locutum
811 2891 900 2936 esse
928 2870 1012 2936 eius
1036 2881 1192 2956 putrem

143 2988 295 3071 iudico,
326 2987 390 3054 sic
420 2989 589 3054 maiorer
613 3011 700 3052 :uon
728 3011 835 3073 capm
862 2999 895 3052 ut
922 2988 972 3053 illa
1002 3011 1091 3076 quem
1125 2989 1196 3053 ds'ui

143 3101 293 3190 (coru),
323 3125 383 3170 uon
408 3115 495 3169 uerte
520 3127 579 3170 nou
605 3109 713 3169 rustice
732 3127 791 3170 non
811 3104 925 3187 uates,
954 3107 1010 3170 sed
1031 3127 1137 3190 presse
1166 3117 1194 3169 et

143 3221 342 3310 mundedun
369 3233 396 3286 ct
424 3221 540 3287 tenuo.
583 3221 683 3288 altero
715 3221 788 3286 loco
817 3243 912 3308 quem
942 3219 1006 3286 ism
1036 3219 1191 3288 adnotaui

143 3337 256 3424 Bruti,
287 3339 374 3404 unde
404 3335 624 3416 Quintilianus
655 3337 912 3405 inst..orat.'1l
939 3337 959 3403 6
988 3359 1047 3403 sua
1074 3337 1190 3415 hausit,

144 3453 260 3522 Cicero
281 3455 362 3522 haec
383 3453 465 3521 dixit
485 3477 493 3518 :
515 3466 607 3520 erum
625 3467 723 3520 tumen
743 3454 854 3542 quibus
872 3457 1022 3520 uiineurr
1042 3455 1121 3521 suus
1141 3479 1192 3522 oe·

144 3573 217 3638 uus
237 3577 337 3637 mrsu
352 3571 453 3656 Ocno,
475 3572 552 3659 quia
570 3569 826 3656 splendidioribus
838 3569 984 3656 fortusse
1004 3571 1109 3638 uerbis
1129 3585 1190 3638 uta·

13 3687 14 3698 ’
144 3687 234 3753 butu*
253 3701 281 3752 et
300 3693 373 3775 quac
394 3687 507 3754 Latius
527 3689 741 3774 conpescitur
769 3689 947 3775 loquebatur
971 3711 1044 3754 usu
1072 3692 1191 3756 eredo

141 3805 273 3892 utiquc
305 3802 528 3872 domestico.
580 3827 654 3872 num
687 3805 851 3871 lcitum
881 3805 926 3871 ud
954 3805 1080 3873 modum
1110 3805 1193 3872 notu

140 3921 253 3990 caedat
271 3946 282 3988 .·
302 3921 362 3988 sed
387 3923 501 4011 muqui
525 3923 649 3989 ὑπονοεῖ
673 3945 748 4010 qrtos
774 3923 907 4010 quisque
927 3923 1044 3990 andus
1062 3923 1189 4011 quou‘ds'e
