2920 4492
275 343 307 394 18
557 339 571 392 1
604 339 652 392 DE
669 339 864 394 uourmavs
882 339 1038 394 ulrum

270 527 301 594 p.
337 503 418 589 197)
456 527 522 571 non
556 506 647 574 nulla
682 507 843 594 conlegit,
886 515 919 573 st
953 504 1118 574 Catullum
1153 527 1173 572 a
1206 505 1320 574 somn

272 631 471 711 permutatos
509 645 580 688 esse
612 624 720 691 codice
751 625 924 712 adparatus
956 623 1145 692 Santeniani
1178 624 1320 712 quodam
1451 683 1452 724 3

273 739 415 807 dilucide
449 739 641 826 edocemur,
684 742 716 806 in
754 763 818 828 quo
856 763 940 830 pone
973 732 1092 808 Catulli
1126 741 1244 808 librum
1276 739 1319 822 Q.

271 857 378 924 Octuli
393 858 593 944 epigramma
607 883 627 925 a
643 858 750 926 Gellio
772 859 914 924 noctium
929 859 1111 924 Atticarum
1125 881 1212 926 xvim
1231 859 1251 924 9
1281 859 1321 923 14

272 985 436 1042 seruatum
468 975 674 1042 subiunctum
710 985 759 1042 est
790 999 798 1040 r
831 977 872 1042 cf.
903 975 1062 1042 Huschkii
1100 976 1319 1042 analectorum

270 1114 300 1180 p.
322 1093 382 1175 48,
412 1093 467 1180 qui
489 1103 659 1180 praeterea
680 1092 836 1158 scholium
858 1093 901 1158 ad
921 1092 1084 1161 quenalis
1105 1103 1246 1160 saturam
1264 1115 1319 1158 mu

272 1209 333 1274 186
362 1209 407 1296 (p.
429 1210 635 1294 3001ahnii)
667 1221 818 1298 spectans
846 1210 961 1288 attulit,
993 1210 1050 1276 nbi
1070 1210 1165 1277 simili
1194 1211 1320 1276 ratione
1451 1305 1452 1310 γ

272 1325 419 1394 Catullus
454 1327 696 1415 mimographus
731 1337 765 1394 et
797 1325 838 1408 Q.
874 1325 1009 1396 Catulus
1040 1327 1214 1414 permutati
1244 1335 1320 1392 sunt

272 1445 327 1528 (ct
342 1442 618 1510 Schurtnfleiechii
639 1453 672 1510 et
693 1443 839 1512 Grameri
861 1454 955 1510 notas
969 1467 1001 1531 p.
1016 1444 1105 1530 339),
1126 1441 1178 1510 cui
1198 1443 1319 1510 scholio
1451 1425 1452 1446 ¹

272 1559 439 1647 Grysarus
460 1560 502 1628 de
523 1560 620 1627 mimo
642 1584 674 1648 p.
695 1561 758 1628 299
781 1561 836 1645 (οἱ
858 1571 1029 1628 comment.
1060 1561 1150 1628 acad.
1177 1560 1318 1628 Vindob.

271 1701 315 1744 ιιι
338 1699 366 1743 a.
391 1675 486 1766 1854)
518 1688 551 1744 et
582 1677 782 1746 Ribbeckius
815 1679 856 1744 ad
887 1678 1028 1744 comicos
1058 1678 1174 1744 latinos
1205 1701 1237 1765 p.
1257 1677 1320 1746 309

265 1795 510 1886 *inconsiderate
555 1795 668 1861 confisi
711 1794 800 1882 quod
841 1795 1066 1884 mimographo
1113 1816 1233 1861 nomen
1278 1793 1319 1875 Q.

271 1911 415 1978 Luctatii
448 1909 568 1978 Catulli
598 1910 784 1977 indiderunt
814 1930 934 1998 magno
967 1933 1065 1998 opere
1092 1911 1199 1978 miror.
1240 1912 1319 2001 quid

271 2029 404 2096 multa?
452 2051 495 2094 ex
533 2027 633 2095 Gellii
664 2027 735 2094 loco
771 2027 887 2094 codem
919 2049 1015 2114 quem
1045 2029 1141 2095 modo
1178 2029 1320 2096 diximus

272 2144 314 2225 Q.
337 2155 448 2212 notam
469 2146 557 2212 illam
578 2156 742 2234 arreptam
763 2145 849 2211 etin
865 2145 987 2212 Datani
1008 2144 1212 2213 Riccardiani
1227 2145 1321 2214 (lirin-

271 2263 354 2330 ciani
369 2264 480 2331 titulos
500 2262 695 2329 inculcatam
719 2283 789 2327 esse
803 2261 873 2328 ucri
888 2261 1083 2330 simillimum
1099 2275 1158 2330 est.
1200 2263 1320 2332 etenim

272 2404 345 2448 cum
366 2382 437 2447 loco
457 2380 515 2447 illo
537 2381 638 2465 (xvuu
654 2380 689 2465 9)
712 2379 859 2446 uersibus
879 2379 991 2467 paucis
1013 2389 1088 2446 ante
1110 2401 1206 2470 quam
1227 2381 1260 2447 in
1275 2379 1318 2460 Q.

272 2498 425 2568 Catulum
446 2508 575 2586 poetam
597 2519 701 2562 sermo
723 2496 853 2580 incidit,
886 2495 1034 2564 Cattillus
1064 2508 1162 2585 poeta
1183 2519 1320 2564 comme·

271 2625 427 2699 moretur,
447 2614 533 2699 Itali,
555 2616 611 2702 qui
626 2613 724 2682 Gellii
744 2613 894 2683 noctibus
915 2613 1033 2681 Atticis
1054 2614 1097 2680 ad
1119 2614 1320 2683 Catullianos

273 2733 400 2800 codices
433 2732 672 2821 interpolandos
700 2731 777 2798 alibi
807 2749 936 2818 quoque
963 2731 1012 2796 usi
1038 2741 1113 2799 sunt
1146 2733 1203 2819 (cf.
1236 2755 1321 2821 quac

272 2849 504 2916 Lachmannus
533 2849 575 2916 ad
605 2867 744 2916 Lxxxxu
774 2849 847 2914 3.4
879 2849 1077 2934 aduolauit),
1112 2849 1146 2916 in
1179 2871 1321 2918 errorem

272 2967 367 3045 facile
395 2965 504 3034 seduci
528 2976 711 3054 potuerunt,
739 2968 792 3032 uel
814 2966 921 3054 potius
946 2975 982 3034 ut
1005 2967 1193 3034 fallerentur
1216 2987 1320 3053 paene

272 3106 406 3152 necesse
426 3085 508 3169 luit,
539 3107 612 3150 cum
639 3085 674 3151 in
701 3082 791 3150 libris
814 3083 972 3152 Gellianis
993 3085 1125 3152 nomina
1147 3081 1266 3152 Catulli
1287 3093 1320 3150 et

273 3200 314 3284 Q.
331 3200 441 3269 Catuli
455 3223 520 3268 non
534 3201 618 3268 benc
632 3200 786 3267 distincta
800 3199 988 3288 reperirent
1031 3203 1084 3268 oui
1103 3202 1150 3268 rei
1171 3210 1208 3267 ut
1220 3199 1318 3268 fidem

270 3318 398 3401 faciam,
427 3318 581 3386 librorum
604 3316 828 3385 Gellianorum
850 3317 1013 3402 lectiones,
1035 3338 1116 3405 quas
1136 3317 1319 3384 humanitas

272 3445 305 3502 et
325 3435 543 3504 beniuolentia
555 3435 686 3504 Martini
702 3435 838 3516 Hertaii,
859 3435 922 3502 uiri
935 3435 1120 3517 doot‘saimi,
1142 3435 1318 3502 liberaliter

271 3575 398 3618 mecum
420 3551 687 3635 communicauit‚
710 3552 862 3618 hocloco
884 3551 1099 3620 excribendas
1119 3561 1210 3635 sunt,
1231 3553 1318 3620 unde

272 3691 469 3758 cognoscere
489 3671 566 3736 licet
587 3692 698 3737 omnes
712 3668 816 3736 bonos
828 3669 958 3736 codices
971 3681 1005 3736 et
1017 3671 1189 3758 plerosque
1206 3691 1318 3737 omnes

271 3787 498 3876 interpolatos,
529 3796 691 3876 quotquot
711 3786 754 3854 ab
774 3786 911 3876 Hertaio
932 3786 1050 3854 conlati
1071 3799 1161 3870 aunt,
1189 3788 1316 3855 dnobus

274 3905 356 3972 locis
378 3903 492 3993 eapitis
514 3927 578 3971 vuu
599 3903 673 3971 libri
692 3924 787 3982 xvuu,
810 3904 866 3970 ubi
888 3902 931 3984 Q.
954 3901 1063 3972 Catuli
1084 3903 1211 3972 Gellius
1231 3927 1317 3972 men·
