2970 4484
774 1592 819 1676 X

358 1795 429 1860 Iam
466 1793 507 1860 dc
544 1794 739 1860 carminibus
772 1794 818 1860 eis
848 1815 932 1884 quae
961 1792 1107 1862 Catullus
1134 1794 1174 1861 ad
1198 1794 1319 1860 Veran-

236 1910 240 1919 '
277 1913 365 1978 nium
385 1922 416 1978 et
430 1911 601 1979 Fabullum
622 1911 766 1978 homines
785 1913 876 1978 nobis
892 1909 1021 2000 quidem
1036 1911 1164 1978 aliunde
1177 1911 1318 1999 ignotos,

274 2039 390 2117 poetae
404 2038 511 2096 autem
526 2028 733 2094 amicissimos
749 2029 878 2116 scripsit
892 2028 1058 2117 disputare
1075 2030 1189 2118 placet.
1222 2029 1318 2117 scrin

275 2145 316 2213 sit
336 2157 433 2235 poeta
453 2146 493 2212 ad
512 2146 712 2213 Verennium
737 2169 867 2214 carmen
888 2153 950 2214 varii
980 2147 1120 2228 Verruci,
1141 2147 1281 2213 omnebus
1301 2171 1318 2213 e

274 2270 343 2330 mera
364 2264 488 2341 caricis,
517 2264 557 2330 ad
578 2263 749 2331 Fabullum
771 2286 901 2330 carmen
923 2288 977 2330 aru
1002 2264 1131 2330 Cenabis
1160 2265 1248 2349 beas,
1275 2265 1322 2331 rui

274 2382 422 2460 Fabulle,
444 2383 533 2469 apud
558 2407 619 2464 mc,
644 2381 685 2448 ad
713 2392 884 2471 utrumque
907 2381 1044 2448 amicum
1066 2405 1195 2450 carmen
1216 2404 1316 2448 xxvru

272 2501 403 2566 Pisaeis
419 2503 555 2580 comites,
582 2503 687 2566 ccbcre
709 2505 819 2584 mauis,
839 2501 879 2567 de
898 2511 1036 2589 utroque
1058 2501 1159 2567 amico
1181 2521 1318 2566 xxxxvu

273 2619 370 2684 Porci
388 2631 416 2682 er
438 2617 615 2699 Socration,
644 2617 724 2683 duae
745 2619 897 2684 sinistrae.
941 2629 1107 2706 praeterea
1132 2640 1246 2684 uersus
1273 2622 1316 2683 xri

275 2735 314 2799 15
336 2745 457 2801 clxxv
481 2740 498 2799 7
521 2735 706 2801 conferendi
728 2744 811 2801 sunl.

355 2849 437 2918 Cum
456 2875 586 2918 carmen
601 2875 644 2918 xu
660 2851 843 2917 Marrucine
857 2853 957 2934 Acciri,
973 2873 1067 2916 mann
1081 2852 1205 2916 sinislra
1220 2859 1317 2938 pocta

272 2967 441 3052 scriberet,
469 2967 626 3036 Fabullus
648 2979 680 3034 et
703 2969 889 3064 verannius
913 2967 947 3032 in
967 2968 1127 3056 Hispania
1154 2967 1315 3052 aixerunt,

272 3087 357 3153 unde
378 3085 505 3153 Catullo
528 3087 631 3152 amico
655 3087 816 3152 communi
841 3085 971 3152 sudaria
993 3085 1135 3152 Saetaba
1156 3085 1240 3152 donc
1261 3085 1316 3150 mi·

272 3214 391 3270 serunt.
435 3205 600 3293 quaesibi
623 3207 655 3270 in
677 3204 750 3270 iocc
770 3214 868 3291 atque
888 3203 965 3268 uino
983 3203 1130 3268 Asinium
1153 3202 1315 3291 quendam

271 3321 462 3410 surripuisse
489 3331 602 3409 poeta,
634 3331 671 3388 ut
691 3344 820 3388 carmen
841 3345 885 3386 xu
911 3329 1065 3402 testatur,
1092 3320 1315 3386 molestissime

270 3439 344 3504 lulil
370 3440 426 3524 (cf.
448 3438 543 3506 etiem
565 3463 633 3504 xxv
655 3439 697 3522 7).
740 3438 860 3505 emices
890 3461 930 3503 ax
958 3437 1118 3524 Hispania
1145 3436 1314 3504 redeuntes

271 3555 396 3620 duobus
416 3556 610 3622 carminibus
625 3555 821 3622 saeuissimis
835 3564 931 3642 poeta
946 3554 1097 3621 salutauit
1116 3577 1122 3618 :
1146 3565 1178 3619 et
1192 3555 1313 3622 Veran-

269 3671 358 3738 nium
380 3672 509 3761 quidem
531 3675 772 3757 carmicense,
801 3671 888 3760 quod
915 3671 1028 3756 amico,
1060 3694 1154 3760 quern
1177 3673 1210 3737 in
1232 3671 1312 3737 urbs

269 3790 374 3877 patria
390 3790 558 3856 aduenisse
580 3801 778 3878 conpererat,
801 3789 929 3857 obuiam
952 3790 1058 3856 Roma
1078 3789 1165 3856 misit
1186 3800 1223 3856 nt
1249 3788 1311 3854 lae

269 3905 371 3973 tiliam
393 3929 484 3972 suam
507 3906 545 3974 ie
567 3908 634 3974 aius
656 3907 763 3974 reditu
783 3909 951 3996 gestientis
972 3908 1122 3997 aperiret.
