2954 4492
463 333 488 386 V
521 333 571 387 Du
587 331 766 388 nolimve
783 331 935 385 (rervm
1178 332 1211 382 tt

175 522 245 568 non
276 511 343 567 tam
377 522 395 566 e
427 507 539 566 mente
567 496 773 566 metricorum
804 497 958 564 adcurate
986 497 1129 562 locutum
1157 517 1228 562 erse

178 639 280 706 quam
307 638 423 684 uerene
458 616 593 684 acerbos
624 627 658 683 et
688 616 873 681 aculeorum
904 614 1017 702 plenos
1045 612 1230 700 significare

176 735 320 802 ueluime
340 756 382 802 ex
404 734 547 802 carmine
568 738 633 798 min
654 732 675 797 6

442 865 585 932 Irascere
604 871 707 932 uteretur
727 865 805 932 moia
825 865 937 932 emet

442 983 670 1061 immerentibus,
690 983 779 1048 enee
799 983 968 1068 inperator,

178 1127 278 1184 etex
304 1117 580 1206 hendecasyllabis
609 1117 726 1204 quibus
755 1115 883 1183 Rauido
909 1115 1075 1182 minitatus
1102 1123 1152 1181 eet
1173 1113 1228 1180 ad·

177 1245 274 1322 paret
296 1235 420 1319 (xxxx)

321 1390 476 1453 quaerum
497 1379 526 1432 ta
547 1367 628 1430 mole
649 1389 742 1450 mena,
763 1365 875 1430 miselle
895 1367 1023 1449 Baucide,

320 1487 386 1571 opit
403 1484 601 1568 praeeipitem
620 1481 655 1548 iu
676 1504 760 1548 meoe
781 1481 929 1547 iambos?

176 1641 297 1730 quibua
327 1662 442 1708 uerene
473 1639 595 1707 Catulli
623 1663 642 1706 a
671 1647 842 1706 comment.
872 1637 971 1727 (lmq.
993 1639 1074 1704 Hor.
1097 1659 1225 1704 carmi

178 1759 221 1825 16
233 1757 276 1824 24
290 1768 438 1824 seruatus
458 1758 575 1824 Atnou
589 1758 717 1845 cffirpiec
737 1779 817 1823 mooe
837 1756 954 1822 iambos
975 1753 1151 1820 simillimus
1166 1763 1225 1822 eet.

261 1869 375 1941 ‘Solea'
385 1873 485 1962 igitur
499 1867 700 1940 illi‘candidi'
711 1896 793 1962 quoe
805 1875 837 1938 in
851 1872 991 1940 carmine
1005 1879 1121 1937 octauo
1136 1892 1226 1958 prae-

176 1991 300 2058 dicauit
319 1990 426 2058 denuo
451 2001 567 2079 poetae
594 1990 712 2057 exoriri
739 1990 934 2058 uidebantur
956 2015 963 2056 ε
985 1989 1148 2056 fortunam
1170 1987 1226 2054 diu

176 2108 393 2176 desideratam
421 2107 617 2196 reciperasse
639 2107 727 2175 etin
748 2108 979 2196 sempiternum
1000 2119 1126 2195 tempus
1149 2106 1225 2172 reci-

176 2247 310 2315 perasse
325 2247 360 2290 se
374 2224 522 2291 Catullus
536 2226 738 2313 opinabatur.
768 2225 825 2292 ted
839 2225 920 2292 baec
935 2224 1041 2312 opinio
1056 2224 1227 2290 falsissima

176 2342 248 2408 fuit
289 2339 409 2410 Lesbia
430 2340 514 2408 enim
529 2351 606 2408 tunc
620 2363 687 2408 nou
708 2341 801 2410 aliter
820 2353 921 2430 atque
942 2352 1038 2408 antea
1060 2362 1095 2407 ae
1116 2342 1225 2430 gessit.

177 2458 267 2526 unte
288 2457 417 2524 tandem
437 2459 552 2524 mulier
566 2481 649 2547 quae
664 2459 725 2525 nisi
739 2458 905 2547 peierandi
918 2479 1031 2526 cauma
1043 2480 1108 2524 non
1119 2458 1226 2524 iurare

178 2574 353 2642 uidebatur
379 2575 485 2643 subito
514 2575 612 2642 fidem
638 2585 671 2644 et
693 2575 883 2664 religionem
905 2597 1035 2641 seruare
1056 2573 1225 2642 disceret?

177 2703 249 2760 tum
270 2691 399 2758 demum
421 2691 571 2760 Catullus
592 2693 795 2782 indulgentie
822 2692 909 2760 omni
941 2702 974 2759 et
1001 2691 1157 2779 patientia
1178 2713 1225 2758 ee·

178 2809 287 2897 posite
313 2811 455 2876 animum
482 2809 605 2898 recepit
631 2820 729 2899 atque
762 2811 893 2878 sanitati
922 2809 1097 2877 oboediuit.
1139 2807 1225 2874 haud

178 2936 370 2992 cunctanter
391 2927 476 2994 enim
498 2936 596 3016 poete
618 2927 780 2994 uinculum
792 2927 924 2992 foedum
946 2936 979 2994 et
998 2948 1034 2994 ee
1055 2925 1226 3010 indignum

177 3043 395 3131 dirempturus
416 3041 556 3109 Lesbiae
576 3043 747 3110 amicitiem
771 3055 803 3110 et
823 3065 965 3112 amorem
988 3043 1021 3108 in
1035 3050 1225 3130 perpetuum

177 3160 385 3226 renuntiauit.
438 3159 521 3226 banc
553 3159 823 3226 renuntiationem
859 3183 955 3248 quam
994 3180 1091 3246 aegre
1127 3169 1225 3246 poeta

175 3275 351 3365 perfecerit
372 3285 405 3340 et
425 3276 546 3360 tulerit,
568 3277 719 3363 cognosci
740 3276 816 3342 licet
837 3297 878 3341 ex
901 3278 1042 3342 carmine
1064 3295 1167 3343 Lxxvr
1188 3277 1229 3342 Si

175 3417 240 3482 qna
267 3393 445 3459 recordanti
463 3392 623 3480 benefacto
652 3399 762 3479 priora
788 3395 940 3480 uoluptee,
972 3396 1063 3460 cuiue
1085 3393 1224 3461 suauita-

174 3523 241 3580 tem
261 3533 370 3598 pauca
390 3509 466 3576 libri
488 3509 661 3578 Catulliani
683 3510 827 3577 carmina
848 3510 1069 3600 aequiperant.

275 3641 429 3726 Difficile
449 3655 505 3725 ert,
536 3643 642 3732 inquit
667 3652 778 3731 poeta,
810 3645 935 3730 enque·
961 3643 1056 3710 cutm
1075 3647 1225 3730 deponere

942 3785 1084 3828 emoreu.

326 3873 460 3960 difficile
479 3887 533 3952 cat,
555 3897 665 3942 nemra
685 3875 741 3944 loo
761 3901 824 3966 qao
844 3879 919 3944 tate
939 3876 1067 3964 efficiar.
