2920 4492
538 377 747 431 Ptooumvrs
1160 381 1176 430 δ

128 546 311 634 diligentior
327 555 361 611 et
381 545 518 634 peritior
539 545 654 628 fuerit,
676 546 824 632 exemplu
846 544 911 628 ills,
934 543 1052 632 quibus
1078 543 1180 610 Lech-

128 661 236 730 msnni
257 661 418 728 inscitiam
440 662 570 749 legendi
591 661 645 728 ille
665 662 803 750 probare
825 661 945 745 uoluit,
966 662 1073 749 ipsum
1093 661 1180 726 codi-

127 801 195 845 esm
225 780 392 845 Dstsuum
424 779 549 844 intente
584 778 751 844 oculorum
781 778 850 843 scie
875 776 1075 865 perlustrans
1105 799 1179 842 exs-

126 895 256 962 minsui.
298 895 437 978 etenim,
464 904 502 960 ut
529 916 594 960 nou
622 895 728 960 nullos
749 893 927 959 Froehueri
957 915 1081 960 errores
1109 917 1180 982 pru

127 1013 226 1078 serum
238 1059 247 1093 ,
270 1011 326 1098 qui
348 1033 414 1099 quc
436 1009 557 1076 meiere
578 1010 746 1098 diligentis
767 1009 993 1076 Lachmannus
1016 1033 1094 1078 uere
1114 1011 1179 1076 ism

127 1128 250 1218 pridem
263 1129 391 1215 legerat
401 1149 439 1193 eu
452 1129 601 1194 acerbius
612 1126 869 1216 reprehendendi
884 1137 967 1209 suut,
981 1127 1014 1191 in
1030 1127 1179 1194 carminis

128 1267 218 1312 uxuu
233 1267 332 1312 uersu
345 1245 385 1310 10
396 1245 573 1310 rectissime
585 1266 621 1308 se
631 1245 729 1310 hebet
739 1245 840 1330 psius,
854 1244 940 1332 quud
952 1245 1179 1311 Luchmsnnus

128 1361 293 1428 euctsuit:
314 1360 521 1426 Fruehuerus
535 1371 721 1426 correctura
738 1383 853 1426 munus
868 1361 1054 1448 posterioris
1069 1362 1178 1428 seduci

127 1501 161 1544 se
181 1501 296 1567 pessus
318 1488 376 1544 est.
420 1501 526 1566 neque
549 1477 640 1544 aliter
656 1478 690 1542 iu
704 1499 801 1543 uersu
815 1476 1100 1564 duodetrigesimo,
1122 1479 1178 1544 ubi

126 1595 355 1662 Lschmsuuus
387 1595 496 1661 manui
532 1594 655 1683 primes
689 1595 860 1660 lectionem
892 1609 1042 1682 septenne
1084 1596 1178 1660 unice

127 1723 215 1779 recte
236 1711 393 1780 attribuit
436 1710 548 1776 eodem
573 1711 669 1778 modu
689 1710 917 1778 Lschmunuus
938 1714 971 1777 in
993 1733 1090 1776 uersu
1112 1735 1176 1778 uuo

126 1841 158 1896 et
190 1830 359 1917 trigesimo
388 1841 487 1914 optutu
511 1829 612 1894 multu
634 1830 755 1894 rectius
777 1849 874 1916 quam
896 1827 1101 1894 Froehuerus
1122 1853 1177 1914 op·

124 1958 204 2012 tutae
225 1946 315 2033 legit.
360 1947 435 2012 item
463 1947 496 2010 iu
523 1965 620 2011 uersu
651 1946 815 2032 trigesimo
838 1955 931 2012 sexto
954 1946 1057 2011 codex
1079 1945 1177 2010 hebet

125 2063 157 2128 id
184 2063 272 2151 quud
295 2061 522 2128 Luchmsuuus
552 2062 682 2128 rettulit
704 2063 878 2146 adscrisca,
911 2085 975 2128 non
998 2061 1176 2128 Fruehueri

124 2181 285 2246 dua-issu
299 2205 307 2244 ε
323 2179 440 2244 deiude
459 2178 493 2243 iu
515 2201 613 2245 uersu
634 2181 837 2267 sexagesimo
860 2189 954 2246 sexto
969 2180 1176 2246 Fruehnerus

124 2297 155 2363 in
177 2297 307 2364 Detunu
329 2305 428 2382 neget
449 2296 576 2382 delapso
599 2307 727 2379 extare,
757 2295 856 2361 nihilo
883 2297 990 2362 minus
1018 2297 1099 2362 haec
1128 2308 1178 2365 est

124 2437 239 2480 msuus
265 2411 389 2502 primae
416 2413 591 2500 scripture,
623 2435 706 2502 quue
728 2414 971 2480 Lschmsnnum
997 2435 1062 2478 non
1083 2415 1176 2502 fugit

124 2531 200 2598 item
229 2531 263 2596 iu
292 2551 389 2595 uersu
416 2530 616 2617 octogesimo
645 2530 872 2596 Lechmsnuus
899 2532 1029 2598 Datsno
1059 2531 1177 2597 rectius

123 2649 236 2714 sitem
249 2669 346 2735 quum
362 2645 568 2714 Froehnerus
589 2671 697 2714 murus
721 2647 908 2734 adsignauit
929 2671 937 2713 :
959 2649 1105 2713 similiter
1125 2648 1177 2713 hic

123 2765 245 2831 errsuit
273 2764 305 2830 iu
335 2785 432 2830 uersu
467 2766 643 2832 centesimo
675 2787 762 2831 nonu
772 2814 783 2850 ,
815 2787 888 2830 cum
921 2787 980 2853 pro
1015 2766 1175 2832 uocabulo

122 2883 280 2962 uminis,
311 2903 409 2969 quem
434 2903 548 2948 munus
577 2882 701 2970 primes
729 2883 919 2971 scripturam
949 2881 1176 2948 Lechmsuuus

123 2999 245 3087 optime
266 2999 432 3086 adgnouit,
455 2999 538 3066 dixit
559 2999 593 3064 iu
615 2999 726 3065 codiee
747 3021 767 3064 s
787 3001 891 3088 prims
906 3021 977 3066 esse
991 3023 1087 3066 mauu
1110 3023 1176 3066 eum

123 3118 195 3182 etse
238 3116 316 3182 item
332 3111 561 3184 Lecbmsunus
581 3117 615 3182 in
637 3139 734 3184 uersu
754 3120 927 3185 centesimo
943 3118 1068 3185 decimo
1084 3129 1175 3185 sexto

121 3235 218 3319 pluris·
242 3233 409 3299 uerissime
437 3234 518 3322 legit
546 3255 612 3300 nou
641 3235 795 3322 deceptus
824 3245 862 3301 ut
881 3235 1087 3302 Fruehuerus
1109 3259 1176 3303 ccr-

123 3361 253 3417 recturs
267 3350 417 3438 quedem.
451 3351 530 3416 item
550 3349 582 3416 in
599 3375 695 3417 uersu
711 3351 885 3418 centesimo
900 3351 1056 3441 uigesimo
1071 3353 1176 3442 primu

122 3489 237 3534 munus
256 3479 396 3553 portaret
416 3467 553 3556 scripsit,
576 3479 611 3534 ut
630 3468 857 3536 Luchmnunus
875 3471 1039 3537 euutsuit:
1055 3469 1175 3536 Froeh-

121 3605 221 3650 uerus
249 3593 357 3650 sutem
387 3604 476 3652 mure
505 3585 598 3652 solitu
628 3608 770 3651 errorem
799 3587 964 3654 cummisit.
1016 3588 1093 3654 item
1121 3586 1175 3654 ille

121 3723 154 3789 p.
176 3701 240 3768 568
260 3700 384 3767 errauit
404 3703 561 3768 incertum
582 3725 653 3769 esse
675 3703 784 3769 dicens
799 3725 876 3784 uum
892 3706 924 3770 in
939 3705 1070 3771 Detsnu
1092 3727 1114 3770 x
1134 3703 1175 3770 23

118 3841 271 3906 potquam
285 3817 441 3907 scriptum
463 3819 506 3886 sit
526 3843 534 3886 ε
555 3819 636 3885 haec
653 3820 737 3886 enim
758 3813 865 3904 lettio,
887 3843 984 3909 qusm
999 3820 1176 3887 Lechmsn·

120 3957 183 4003 nus
203 3937 395 4026 descripsit,
425 3937 603 4005 certissime
625 3948 681 4005 est
724 3961 832 4028 neque
853 3940 958 4005 minus
979 3937 1068 4004 illum
1091 3938 1175 4003 oculi
