2900 4478
653 501 681 568 O

220 620 353 721 Caelius
376 655 569 722 Aufilenum
592 665 625 723 et
646 655 804 740 Quintius
826 659 1018 725 Aufilenum

260 775 321 841 flos
343 797 564 843 uerononsum
587 775 763 861 depereunt
784 778 954 858 iuuenum,

220 893 273 960 hie
288 895 434 974 fratrem,
449 895 507 960 ille
519 917 673 962 sororem.
696 896 758 963 hoo
770 906 828 977 est,
844 897 929 981 quod
942 897 1074 979 dieitur,
1088 899 1171 966 illud

260 1015 446 1083 fraternum
467 1037 546 1082 uere
567 1015 663 1084 dulce
685 1015 884 1084 sodalitium.

175 1134 195 1196 5
218 1135 270 1200 oui
292 1135 422 1201 foueam
445 1135 576 1220 potius?
597 1133 700 1215 anli,
722 1137 797 1202 tibi:
819 1159 898 1203 nom
920 1147 977 1206 tuu
998 1137 1094 1206 nobie

260 1276 319 1339 per
340 1255 429 1322 foetu
449 1257 589 1322 exhibita
611 1262 664 1324 eet
684 1258 782 1324 uuieu
804 1259 961 1339 umioitie,

216 1393 292 1439 eum
312 1396 436 1441 uesena
457 1397 549 1442 meae
570 1384 709 1443 torreret
731 1380 867 1444 flemme
887 1379 1061 1446 medullas.

257 1495 303 1561 eie
325 1496 417 1576 felix,
440 1495 542 1576 Oueli,
564 1497 611 1564 sis
634 1498 670 1563 in
694 1520 804 1566 amore
826 1507 951 1585 potens.

638 1703 684 1770 01

213 1821 340 1920 Multus
364 1875 422 1940 per
442 1864 560 1940 gentes
581 1864 615 1922 et
636 1857 745 1924 multe
765 1880 825 1942 per
845 1879 986 1942 aequore
1007 1867 1123 1926 ueotus

262 1971 402 2041 aduenio
426 1975 485 2042 hes
506 1977 655 2056 misereo,
677 1977 787 2058 freter,
811 1977 852 2043 ed
874 1979 1018 2057 inferiae,

218 2099 255 2158 ut
277 2101 310 2159 te
331 2101 498 2179 postremo
521 2095 678 2164 donarem
699 2119 836 2164 munere
857 2101 974 2166 mortis

260 2221 294 2277 et
315 2220 444 2278 mutum
467 2217 682 2298 nequioquam
706 2217 889 2299 alloquerer
910 2219 1064 2297 cinerem,

174 2332 194 2395 5
217 2330 481 2415 quandoquidem
503 2335 636 2402 fortune
658 2334 741 2401 mihi
763 2342 829 2402 tote
851 2335 997 2403 absentie
1009 2339 1128 2422 ipsum,

260 2450 325 2516 hou
348 2453 448 2519 miser
469 2453 604 2539 indigne
626 2455 729 2521 freter
751 2455 904 2541 adempte
925 2457 1017 2524 mihi.

221 2657 241 2709 C
265 2656 294 2710 ln
312 2659 408 2710 Ceiium
426 2667 453 2712 et
470 2659 600 2722 Quintium
620 2659 632 2728 ΙΙ
652 2659 669 2711 2
686 2619 860 2714 6666ῗέ66666]
887 2662 1020 2729 depereret
1043 2662 1056 2730 ΙΙ
1075 2662 1092 2713 6
1109 2661 1173 2714 Per·

154 2745 220 2796 seete
236 2752 254 2797 d
273 2745 381 2814 exigitur
398 2752 437 2798 eut
448 2731 487 2813 117
505 2763 613 2799 uenena
624 2746 636 2814 Η
647 2745 721 2798 fleme
732 2747 744 2815 ΙΙ
756 2747 789 2798 cl
806 2747 895 2800 Fletus
912 2748 944 2800 de
962 2757 1042 2800 morte
1058 2749 1143 2800 fratris

223 2899 242 2950 G
261 2899 277 2948 2
295 2897 469 2951 uerenenuium
489 2891 531 2976 βω
622 2898 640 2950 6
657 2899 708 2950 Per
725 2899 792 2951 stote
806 2899 918 2951 exhibite
929 2907 969 2952 ert
980 2899 1173 2952 Laeruaunust:

155 2983 272 3036 Perseetx
288 2983 395 3048 exigitur
416 2976 459 3060 βω
479 2983 524 3034 Lm
550 2984 688 3050 Perspoeu
714 2984 792 3050 exigit
817 2985 865 3036 hoo
898 2981 1004 3035 Celerius
1034 2983 1172 3036 Minue-uuo

154 3068 269 3119 Perreiuo
289 3085 314 3123 tu
331 3066 393 3118 Lm*
410 3068 547 3134 Perspecto
564 3075 604 3119 eet
621 3067 698 3133 igitur
714 3067 839 3119 Fruteriue
851 3068 984 3121 uerisimil.
996 3067 1072 3120 1114
1089 3067 1172 3134 (Gmt

156 3153 228 3220 Ierup.
243 3152 277 3204 11
292 3153 355 3218 854)
373 3153 423 3204 iem
440 3161 484 3205 tua
502 3153 574 3204 nobis
592 3151 709 3205 Perfecto
726 3161 766 3204 eet
783 3153 859 3222 igitur·
878 3147 895 3232 β
918 3152 1018 3205 Verrius
1036 3154 1173 3222 Perspecto

153 3250 193 3292 eet
215 3239 294 3308 signis
318 3237 483 3290 Froedlicdiuo
505 3238 643 3306 Perspecto
665 3237 755 3290 eximie
777 3247 817 3290 eet
838 3237 1000 3290 HAKeedr'ue
1021 3241 1093 3307 symb.
1111 3238 1173 3306 plait

153 3327 221 3378 boun.
240 3324 299 3376 320

221 3426 255 3478 01
272 3427 289 3478 2
306 3425 407 3478 Adueni
424 3423 519 3478 Statius
536 3441 561 3478 ω
581 3423 683 3477 Adueui
705 3423 738 3476 nh
759 3424 862 3477 nuum
885 3423 1049 3476 Froeilicdiue
1156 3426 1173 3476 4

153 3521 248 3565 mutum
258 3505 309 3590 βω.
322 3510 366 3562 sed
376 3511 406 3576 qs.
416 3507 472 3560 LX
479 3507 559 3560 ΙῙΙΙΙδ
572 3509 610 3560 90
654 3517 711 3574 post
720 3509 737 3560 4
746 3509 845 3560 inseruit
852 3507 907 3560 LX
914 3509 1029 3561 Vei-14
1038 3511 1062 3560 A
1071 3507 1172 3561 W'usius

150 3615 234 3664 proqr.
257 3599 393 3664 naumbury.
416 3615 439 3648 α.
463 3595 536 3648 1663
550 3612 577 3660 p.
595 3593 635 3646 30
740 3595 757 3645 5
775 3604 798 3645 et
814 3595 831 3646 6
849 3594 889 3646 dei
906 3593 1098 3646 GBerndordius
1116 3595 1172 3648 dr'st.

156 3683 225 3735 litter.
243 3685 343 3733 romeu.⁴
362 3682 419 3733 552
514 3681 530 3731 5
548 3689 574 3732 te
592 3687 617 3731 te
635 3677 803 3731 Locdmamrus
821 3681 846 3731 in
863 3679 961 3731 editione
978 3679 1082 3732 secunda
1100 3679 1171 3749 (Hp)

257 3767 273 3818 6
291 3768 382 3819 misero
400 3767 477 3817 rreoeio
495 3767 549 3831 quie
566 3775 621 3816 uerte
639 3763 850 3816 suatinensem
867 3783 893 3820 ω
1008 3775 1067 3832 post
1085 3765 1103 3816 6
1122 3763 1174 3816 odd

154 3849 240 3901 LXV
254 3851 347 3902 9-14
370 3851 504 3903 FHaastus
525 3850 656 3905 mr'uoeliou.
677 3849 764 3917 philol.
788 3849 1170 3916 16.H1(Vrarislau.1861)
