2920 4492
391 367 444 420 tm
479 367 528 420 DE
547 365 724 418 nucumve
741 365 896 418 curvant
1132 368 1166 418 66

128 545 333 620 prorogatum
367 555 440 600 esse
474 556 512 600 eo
543 533 679 602 coniecit
705 533 792 620 qnod
819 535 879 600 sub
910 533 1008 598 finem
1040 533 1167 600 demum

129 651 198 716 anui
228 651 383 739 praetorii
415 653 465 717 sui
493 652 612 728 691163
638 649 813 738 Pompeius
840 648 985 736 Capuam
1007 651 1169 736 profectus

128 767 202 832 est?
241 781 276 834 at
296 768 339 849 Q.
354 768 509 834 Metellus
525 769 629 852 Celer,
653 767 788 834 Clodiae
803 769 931 851 coniux,
953 789 1047 855 quem
1063 767 1167 854 ipsum

127 907 251 972 qnoque
277 909 308 952 a.
337 887 456 962 691163
482 895 664 974 praetorem
695 885 808 950 eodem
839 886 912 951 loco
944 907 1040 972 quem
1071 884 1168 951 modo

127 1001 289 1068 matrimus
321 1002 496 1070 Sallustius
524 1013 634 1070 nmrat
663 1003 834 1089 inegram
857 1001 1013 1068 Picenum
1036 1003 1168 1068 missum

126 1143 201 1200 esse,
230 1121 391 1208 cuiusque
410 1121 530 1186 scimus
550 1119 583 1185 in
606 1117 746 1187 Catilina
768 1117 855 1205 apud
876 1117 1049 1184 Pistorium
1077 1119 1167 1184 initio

125 1237 195 1302 anni
230 1238 352 1315 692162
387 1236 598 1325 opprimendo
633 1247 742 1324 partes
778 1235 902 1324 aliquas
935 1236 1050 1319 inisse,
1082 1257 1166 1302 anuo

125 1353 313 1432 6666612162
322 1377 383 1443 pro
399 1355 530 1420 consule
543 1353 685 1420 Galliam
702 1351 900 1440 Cisalpinam
916 1351 1165 1419 administrauit

124 1491 178 1536 cur
193 1469 294 1558 igitur
310 1473 381 1537 eius
394 1471 573 1559 conlegam,
586 1472 677 1536 cuius
688 1471 796 1538 nullae
811 1491 863 1536 res
873 1471 906 1537 iu
916 1470 1001 1536 bello
1015 1471 1167 1538 Catilina-

123 1588 169 1652 rio
180 1601 292 1675 gastae
309 1597 602 1654 commemorantur
615 1589 672 1673 (cl.
685 1587 913 1654 Hotomannns
924 1598 957 1654 et
968 1589 1166 1656 Garatonius

124 1705 162 1770 ad
182 1705 249 1774 cis
270 1729 334 1792 pro
350 1705 436 1772 Sest.
450 1707 471 1770 4
486 1706 533 1788 9),
554 1725 718 1772 sumamus
738 1727 823 1772 anuo
845 1705 964 1770 diutius
985 1717 1167 1793 praetorem

122 1822 217 1889 luisse
244 1832 279 1889 at
308 1845 392 1888 anno
424 1834 500 1910 post
527 1823 727 1910 prouinciam
755 1833 885 1888 nactum
915 1821 1016 1888 esse?
1058 1823 1167 1911 itaqua

123 1941 344 2007 contendimus
377 1938 420 2020 Q.
450 1939 640 2027 Pompeium
672 1939 795 2006 Bufirrn
826 1961 909 2006 auno
938 1939 1055 2016 691163
1075 1962 1167 2027 prae

121 2067 222 2122 torem
244 2068 277 2122 ct
299 2058 448 2144 sequenti
469 2057 586 2136 692162
607 2080 649 2124 ex
670 2067 833 2146 praetura,
861 2067 899 2122 ut
918 2057 1069 2122 Metellus
1091 2079 1168 2145 qno-

122 2193 182 2262 que
213 2174 284 2240 eius
321 2174 477 2262 conlega,
522 2175 746 2262 proconsulem
788 2177 820 2240 in
856 2174 1023 2262 prouincia
1057 2174 1166 2240 fuisso

121 2311 212 2376 quam
228 2289 285 2356 ‹lia
308 2311 388 2356 uero
406 2292 438 2358 iu
460 2291 576 2356 Africa
596 2291 702 2374 fuerit,
724 2299 832 2356 utrum
855 2313 939 2358 anuo
961 2314 1018 2358 suc
1033 2303 1165 2380 peracto

119 2406 191 2474 inda
221 2407 400 2474 decesserit
429 2431 470 2474 an
499 2407 669 2496 prouincia
698 2411 728 2474 ei
756 2419 933 2496 prorogata
954 2409 995 2475 sit
1015 2409 1165 2496 ignotum

119 2535 175 2590 ast
218 2547 307 2592 anno
321 2525 421 2611 igitur
435 2525 553 2604 692162
567 2523 697 2594 (laelius
718 2525 834 2613 uiginti
856 2546 956 2590 anuos
974 2535 1070 2590 uatus
1092 2547 1164 2592 cum

118 2639 157 2720 Q.
170 2639 333 2730 Pompeio
355 2641 388 2706 in
409 2643 609 2729 prouinciam
628 2642 793 2729 profectus
816 2652 873 2706 est
915 2643 972 2709 sed
993 2642 1072 2708 nihil
1094 2665 1170 2730 prom

118 2757 171 2824 bat
190 2757 225 2824 id
246 2759 338 2846 quod
360 2757 634 2844 Iungclaussenus
655 2759 826 2845 probatum
846 2757 986 2843 indicat,
1020 2757 1165 2826 Caelium

116 2897 199 2942 auno
224 2875 347 2954 695169
372 2875 502 2940 demum
533 2875 608 2942 inda
631 2875 774 2941 rediisse.
816 2876 915 2942 immo
940 2875 1070 2944 Caelius
1091 2887 1167 2942 ante

115 3013 234 3058 annum
285 2993 373 3057 huuc
420 2992 454 3056 in
504 2991 634 3057 Italiam
684 2989 833 3057 radhrat.
898 2996 953 3080 qui
1001 3013 1074 3057 oum
1120 2993 1162 3060 G.

116 3109 312 3192 Antonium,
346 3106 513 3175 Ciceronis
542 3107 575 3173 in
603 3109 771 3174 consulatu
800 3109 986 3195 conlegam,
1019 3110 1111 3175 initio
1133 3135 1163 3178 a.

115 3225 230 3304 696169
251 3227 295 3294 de
316 3227 485 3291 maiestate
504 3235 687 3306 accusaret,
717 3247 784 3290 uon
811 3224 918 3313 potuit
944 3226 1006 3290 hoc
1035 3225 1162 3292 demum

114 3364 195 3411 anuo
218 3365 262 3410 ex
276 3342 393 3409 Atiica
412 3341 556 3408 rediisse.
599 3343 640 3408 de
654 3353 801 3430 tempore
821 3363 955 3408 caussae
969 3343 1106 3409 Antonii
1121 3345 1162 3409 cf.

115 3457 180 3526 Gis.
209 3461 252 3527 de
287 3459 387 3526 domo
416 3459 456 3525 16
485 3459 523 3525 41
552 3460 593 3525 ad
623 3459 768 3527 Atticum
791 3483 810 3524 ιι
835 3459 875 3524 12
894 3459 925 3524 2.
968 3461 1045 3546 quid
1076 3461 1163 3548 qnod

113 3575 174 3643 iaus
203 3578 267 3644 sub
296 3577 397 3643 finam
427 3577 504 3643 anni
525 3577 644 3656 694160
664 3577 838 3665 adparatus
859 3579 1076 3644 accusationis
1097 3579 1165 3643 An-

112 3696 188 3760 tonii
211 3696 440 3761 instruebatur
461 3695 516 3780 (of.
532 3694 572 3761 ad
589 3695 690 3761 Attia.
705 3719 725 3760 n
740 3697 762 3759 2
776 3695 823 3780 3).
866 3695 1067 3761 manifestum
1083 3717 1161 3780 ergo

112 3821 157 3876 cst
177 3823 211 3882 et
233 3813 463 3880 Drumannum
486 3821 518 3876 et
537 3811 827 3898 Iungclausssnum
849 3831 984 3878 errasse.

938 3929 960 3992 6
