2954 4492
415 293 467 345 vu
501 293 549 346 Du
565 294 708 348 munau
725 294 919 348 Bruflmco
1140 303 1187 351 161

133 459 281 526 medinm
313 457 477 526 cardinem
513 459 653 549 epochae
685 459 878 548 Bithynicae
910 463 1059 549 protrudi
1091 462 1187 530 licere

134 575 230 660 dixit,
252 575 294 640 ab
316 597 403 642 anno
424 575 485 643 hoc
506 575 553 644 ita
574 599 675 643 annos
690 574 813 664 Papirii
828 575 987 644 Carbonis
1008 579 1187 667 praetorios

134 713 311 760 numeram
320 713 490 780 possumus
504 701 540 758 ut
550 714 652 758 annos
666 691 729 756 222
740 700 774 758 et
783 691 845 756 224
856 693 949 758 annis
964 715 1059 760 acrae
1069 693 1187 760 Varro-

135 809 257 876 nianae
271 809 389 888 698156
403 806 436 876 et
452 809 568 888 700154
589 831 764 898 aequemus
779 809 796 874 ‘l
825 833 889 899 quo
904 809 989 876 facto
999 811 1188 878 Memmium

136 947 157 992 a
176 924 314 1014 Papirio
335 923 487 994 Carbone
508 925 542 992 in
564 925 816 993 administranda
837 928 1006 1016 prouincia
1036 930 1186 1015 proxime

137 1052 319 1132 exceptum
338 1064 410 1110 esse
430 1042 535 1108 facilis
556 1052 641 1110 esset
661 1044 853 1110 coniectura.
894 1044 952 1110 sed
971 1045 1032 1110 hoc
1052 1043 1188 1112 artificio

134 1181 179 1227 ne
209 1181 292 1248 opus
320 1158 452 1247 quidem
480 1167 540 1226 cst.
583 1159 680 1226 ctiam
707 1161 735 1226 si
762 1182 883 1227 annum
910 1159 1049 1238 47512ῖ9
1076 1169 1186 1228 tenere

135 1275 249 1344 lubeat
255 1325 265 1360 ,
305 1298 345 1343 ca
378 1297 463 1366 quae
491 1298 532 1342 cx
561 1276 689 1343 Catullo
718 1276 759 1344 de
786 1275 940 1344 Memmio
971 1277 1004 1342 in
1030 1276 1186 1365 Bithynia

135 1417 166 1459 a.
187 1393 308 1471 697157
330 1403 542 1483 propraetore
570 1403 604 1461 et
632 1415 716 1482 quac
737 1415 779 1460 ex
807 1393 946 1459 nummis
972 1392 1014 1460 de
1035 1391 1185 1461 Carbone

136 1508 254 1576 eodem
284 1531 370 1576 anno
399 1509 574 1596 Bithyniae
595 1510 744 1598 praeside
772 1509 924 1576 docemur
944 1509 1029 1576 inter
1050 1531 1084 1576 se
1106 1511 1184 1576 satis

134 1626 221 1692 hene
248 1624 415 1694 conciliari
441 1639 587 1715 possunt.
634 1648 710 1692 nam
734 1635 771 1692 ut
799 1627 863 1694 iam
889 1625 1121 1708 iudicauimus,
1157 1628 1183 1692 si

133 1744 309 1810 statuimus
337 1742 502 1810 cardinem
537 1742 679 1830 epochae
706 1742 900 1830 Bithynicae
931 1763 1016 1809 anno
1044 1741 1183 1820 4751279

131 1859 244 1944 fuisse,
266 1859 457 1926 sumendum
471 1870 521 1926 cst
535 1859 612 1928 anni
625 1859 789 1947 Bithynici
804 1859 931 1926 initium
945 1859 1183 1948 aequinoctium

132 1977 324 2044 autumnale
353 1977 454 2043 fuisse
478 1998 487 2039 z
508 1975 595 2042 unde
621 1976 716 2042 facile
750 1975 897 2064 intellegi
924 1986 1032 2063 potest
1064 1999 1183 2043 annum

130 2093 198 2160 222
219 2116 292 2159 curn
314 2114 401 2160 anno
421 2093 569 2160 Romano
591 2092 706 2171 697157
735 2113 914 2180 congruere
936 2115 1001 2158 non
1030 2094 1183 2183 potuisse,

131 2210 191 2276 sed
221 2210 269 2277 ita
296 2230 366 2275 rem
391 2229 426 2275 se
454 2210 605 2276 habuisse
636 2217 672 2275 ut
702 2230 806 2276 annus
839 2208 1030 2296 Bithynicus
1057 2210 1119 2276 222
1140 2209 1182 2276 ab

129 2325 337 2414 aequinoctio
353 2325 531 2393 autumnali
546 2325 621 2392 anni
636 2325 753 2410 697157
774 2348 877 2413 usque
897 2326 940 2393 ad
953 2327 1039 2393 idem
1052 2338 1179 2414 tempus

131 2443 211 2508 anni
227 2442 346 2520 698156
367 2441 564 2510 decurreret.
607 2452 705 2532 atque
722 2463 797 2508 cum
811 2441 982 2509 Memmius
1005 2465 1082 2509 uere
1103 2441 1180 2510 anni

129 2559 266 2644 698156,
293 2582 359 2648 qua
379 2559 421 2624 de
442 2582 478 2626 rc
499 2559 583 2626 infra
604 2582 668 2626 non
691 2557 778 2626 nulla
797 2559 957 2644 dicemus,
987 2582 1006 2624 e
1026 2557 1181 2647 Bithynia

131 2675 401 2766 proficisceretur,
424 2698 489 2766 quo
509 2687 654 2765 tempore
672 2675 831 2764 Papirius,
853 2675 880 2742 si
895 2699 930 2768 re
952 2696 1125 2742 ueroeam
1147 2677 1180 2741 in

132 2792 388 2860 administranda
408 2791 576 2882 prouincia
602 2803 732 2860 secutus
761 2804 825 2876 est,
857 2792 920 2859 iam
949 2791 1017 2879 ipse
1044 2793 1078 2857 in
1110 2813 1182 2880 pro-

131 2911 242 2976 uincia
262 2933 333 2976 esse
355 2909 484 2993 debuit,
513 2933 533 2976 a
553 2921 699 2999 tempore
720 2930 820 2976 uerno
843 2909 919 2974 anni
940 2909 1058 2986 698156
1078 2930 1181 2997 usquo

131 3024 175 3092 ad
211 3025 400 3092 autumnale
435 3023 675 3113 aequinoctium
718 3025 794 3090 satis
835 3026 989 3112 temporis
1021 3024 1181 3112 reliquum

131 3152 203 3210 erat
225 3165 290 3231 quo
312 3142 434 3207 nummi
457 3140 576 3229 quibus
596 3163 700 3207 annus
723 3140 786 3205 222
808 3139 980 3229 inscriptus
1001 3150 1050 3206 est
1071 3139 1180 3206 incudi

130 3267 277 3349 possent.
301 3280 414 3324 uerum
428 3261 515 3324 enim
529 3279 607 3324 uero
623 3279 828 3345 quamquam,
844 3266 880 3322 ut
894 3257 1042 3339 uidimus,
1058 3257 1179 3322 nummi

129 3377 208 3442 anni
222 3375 287 3440 222
302 3374 489 3458 rationibus,
512 3396 593 3462 quas
614 3397 675 3440 nos
690 3385 785 3440 antea
803 3372 1025 3455 subduximus,
1046 3373 1177 3439 minime

129 3492 294 3575 officiunt,
319 3502 428 3558 tamen
461 3491 571 3557 facere
602 3514 667 3559 ηοη
689 3513 821 3579 possum
843 3491 922 3578 quin
943 3489 1178 3556 dubitationem

128 3609 169 3676 de
190 3610 238 3676 eis
259 3607 398 3674 iniciam.
442 3606 531 3696 quod
558 3629 611 3673 me
631 3618 752 3673 temere
776 3607 883 3674 facere
912 3605 969 3671 uix
997 3627 1112 3672 uereor
1137 3627 1178 3672 ne

127 3747 260 3814 arguar.
305 3745 446 3812 namque
468 3733 596 3810 practer
617 3745 764 3789 nummos
786 3723 915 3789 urbium
931 3722 1178 3811 Bithynicamm

126 3843 230 3910 Amisi
262 3840 353 3925 (uide
383 3839 533 3906 Eckhclii
553 3838 595 3904 D.
619 3838 659 3903 N.
682 3839 782 3904 11347
817 3849 850 3905 et
871 3837 1043 4002 Mioqnnotii
1064 3839 1175 3902 Descr.

960 3941 976 4001 l
