2920 4492
258 337 292 390 Μ
551 332 565 386 1
599 331 648 386 Μ
664 330 856 388 &Ollium
874 331 1030 387 esuum

261 523 359 592 quem
388 521 409 568 s
441 499 555 568 ser-ibis
583 497 715 568 Liuium
752 499 944 586 tragoedum
971 521 1046 566 oum
1074 498 1172 570 Liuio
1202 521 1311 568 rerum

262 619 421 708 seriptore
451 617 724 686 confundentibus
754 615 901 684 edditum
923 639 994 684 esse
1013 629 1090 706 post
1111 617 1150 686 O.
1172 618 1209 686 F.
1230 619 1311 687 Her·

263 757 419 804 murnum
439 737 487 818 (u.
509 734 762 824 &mundonem
782 733 825 801 de
843 735 922 802 uiris
943 735 1152 820 inlustribus,
1172 757 1310 824 qnorum

263 863 413 944 tempore
426 852 647 943 Hieronymus
662 850 703 918 sd
718 851 852 922 Eusehii
873 853 1026 920 chronius
1046 851 1216 920 sdnutsuit
1227 875 1257 942 p.
1272 852 1308 938 3)

266 969 546 1040 Reifferscheidius
567 979 655 1038 reete
674 968 843 1038 intellexit
886 971 997 1060 itaque
1018 991 1132 1038 censeo
1147 968 1311 1038 Catullum

266 1085 330 1156 Gsi
356 1087 564 1178 praenomine
592 1109 686 1154 usum
718 1108 788 1154 esse
813 1109 822 1152 r
848 1087 883 1154 id
911 1088 998 1178 quod
1030 1087 1107 1155 olim
1137 1087 1200 1155 uiri
1222 1085 1312 1156 (loeti

265 1206 412 1296 plerique
434 1227 545 1272 omues
565 1203 780 1290 erediderunt,
811 1226 916 1294 nuper
936 1205 1023 1272 solue
1044 1203 1198 1274 Osuunus
1215 1203 1311 1294 pluri·

265 1324 328 1392 hue
348 1321 503 1390 defendit

349 1439 465 1508 Reetet
492 1449 529 1508 ut
559 1439 598 1506 de
625 1439 755 1506 nomine
777 1437 941 1526 gentilicio
964 1436 1084 1506 eatuli
1104 1437 1312 1528 disputemus.

266 1557 354 1647 quod
374 1579 480 1645 neque
500 1555 535 1624 in
555 1555 721 1624 oodioibus
736 1555 830 1624 bonis
848 1575 955 1645 noque
968 1581 989 1624 o
1002 1567 1099 1646 poete
1112 1557 1313 1624 nominatum

265 1685 374 1741 umen
396 1695 464 1741 non
491 1685 540 1741 est
560 1673 715 1759 dubium,
745 1697 820 1741 oum
851 1673 980 1742 aliunde
1007 1673 1200 1742 testimoniis
1224 1675 1313 1742 loun·

267 1792 454 1882 pletiesimis
489 1790 663 1858 memorius
697 1789 852 1859 truditum
885 1791 938 1858 sit
995 1789 1147 1859 Osennus
1182 1789 1314 1880 quidem

265 1909 389 1978 fallitur
416 1911 438 1976 l.
466 1933 493 1976 o.
522 1908 666 1976 scribens
697 1909 816 1976 nusum
841 1908 899 1996 qne·
925 1912 1049 1974 ms'retw
1075 1909 1246 1995 penuriam
1278 1908 1314 1976 e'u

265 2038 374 2116 peetus
412 2025 587 2094 clarissimi
613 2026 832 2112 pruewmiue,
861 2047 929 2092 eom
956 2031 1045 2092 etum
1081 2027 1184 2116 napis
1215 2026 1311 2092 mira-

269 2143 1067 2232 eusreqsnsttetoeeoenomtmtaoomemoo
1087 2153 1316 2210 commentatore

268 2261 402 2329 Heaui
421 2259 591 2349 Oruqruw
607 2285 641 2348 p.
659 2261 739 2345 398,
761 2283 846 2348 quon
867 2259 1084 2327 Luolmauuus
1104 2257 1233 2346 confert,
1253 2257 1314 2327 ad·

268 2381 337 2448 loto.
386 2401 462 2446 nem
489 2387 620 2468 praeter
646 2387 930 2446 commentatorem
963 2376 1185 2469 Oruquisnum
1213 2375 1314 2444 etism

268 2494 451 2586 Porphyrio
473 2493 515 2560 sd
533 2493 665 2562 Horatii
683 2505 866 2562 utentum
887 2519 896 2562 1
920 2497 960 2563 10
981 2495 1021 2561 19
1041 2506 1074 2563 et
1093 2495 1314 2583 Hieronymus

267 2613 288 2680 l.
318 2637 345 2680 e
378 2611 506 2680 Ootullo
541 2633 660 2679 nemen
688 2611 890 2680 Valeriorum
926 2611 1049 2700 gentile
1086 2611 1314 2700 asumpserunt,

269 2729 408 2818 denique
422 2729 598 2798 Suetonius
611 2751 741 2820 quoque
762 2730 811 2817 (in
825 2731 911 2800 Iulio
925 2730 980 2815 73)
1002 2740 1133 2820 postem
1146 2730 1313 2799 Velerium

269 2845 432 2916 Ostullnm
471 2847 662 2916 nominauit.
714 2858 803 2915 reete
840 2869 919 2915 uero
962 2849 1114 2916 Ouennus
1154 2847 1316 2917 intellexit

269 2964 410 3034 Gherisii
423 2966 532 3033 looum
548 2965 709 3055 quendem
723 2965 859 3033 alieuius
872 2965 933 3033 hso
951 2966 985 3033 in
998 2987 1036 3032 re
1055 2967 1212 3034 momenti
1232 2987 1314 3050 esse,

267 3104 327 3149 neo
347 3093 457 3150 temen
473 3081 595 3172 primus
616 3083 786 3150 intellexit
828 3105 904 3150 nsm
925 3083 990 3150 iem
1013 3105 1098 3150 enno
1111 3085 1203 3172 prius
1217 3107 1315 3173 quem

269 3198 424 3269 Oeeunus
438 3199 493 3267 ills
507 3199 549 3266 de
562 3199 679 3268 Getulli
693 3201 902 3290 praenomine
916 3201 1116 3290 conseripsit,
1138 3199 1316 3270 Meurioius

269 3316 432 3405 Hsuptius
452 3316 486 3383 in
506 3316 612 3384 indies
627 3317 800 3384 lectionum
814 3316 922 3385 Berol.
944 3319 1056 3386 sustin.
1070 3339 1099 3385 e
1116 3317 1197 3386 1855
1209 3319 1316 3386 looum

270 3432 493 3502 Chsrisisnum
527 3434 665 3500 eundem
694 3433 816 3522 optime
841 3443 876 3500 et
902 3434 1133 3502 emeudsuerst
1159 3445 1192 3502 et
1218 3435 1316 3524 expli·

269 3560 411 3619 onuerst.
453 3561 487 3618 et
505 3552 552 3619 its
573 3551 703 3642 quidem
724 3551 899 3642 Hsuptius,
921 3573 1018 3642 quem
1038 3551 1165 3620 Keilius
1185 3531 1316 3622 neuter

269 3679 328 3754 est,
349 3667 531 3738 Ohsrisium
552 3669 653 3736 instit.
676 3691 811 3758 gremm.
833 3694 840 3735 ι
863 3670 905 3737 tu
924 3668 964 3736 Ρ.
985 3670 1025 3737 97
1039 3669 1128 3736 Keil.
1150 3669 1318 3760 scripsisse

273 3785 505 3854 demonstrauit
524 3781 590 3854 ‘tos
599 3780 776 3875 pusqillrraes’
797 3801 825 3854 et
842 3787 1009 3855 mmo
1025 3811 1141 3877 pestere
1160 3803 1187 3855 et
1198 3811 1319 3876 seraper

271 3904 433 3993 plector
453 3903 557 3992 dtas,
583 3907 664 3973 aens
684 3906 1318 3995 &summittentemque
