2920 4492
270 346 306 396 u
405 341 432 394 11
467 341 516 396 DE
532 339 637 395 Arme
654 339 788 394 usum
804 339 852 394 BT
869 339 1000 394 Fdffld
1016 339 1172 394 eruum

270 509 357 575 onim
384 506 469 575 filius
497 531 588 592 oum,
619 517 657 575 ut
677 529 720 574 ex
739 506 843 575 Plinio
865 506 983 574 seimus
991 556 1000 591 ,
1034 531 1118 576 suno
1138 507 1257 585 711143
1275 509 1317 576 eb
1455 541 1456 586 ι

269 627 416 694 Antonio
435 626 635 716 proseriptos
648 626 713 692 iem
728 636 859 702 senmor
880 636 975 708 esset,
997 636 1065 692 turn
1088 625 1203 715 uiginti
1226 626 1318 714 quin·

269 765 333 832 qne
353 741 520 810 minimum
542 765 643 810 snuos
663 753 758 809 ustus
786 742 857 809 fuit.
897 743 1002 822 unde,
1016 743 1180 832 conligere
1205 741 1318 812 licebit
1455 739 1456 772 ¹

268 861 413 928 Nouium
453 869 579 948 petrem
617 869 686 926 tum
727 860 964 949 quinquaginta
1006 861 1174 928 minimum
1214 883 1318 928 anuos

267 978 416 1045 habuisse
458 1001 466 1044 ι
507 987 605 1066 etque
646 976 687 1043 ed
738 978 873 1045 eundem
914 977 984 1042 fere
1033 988 1173 1046 setetem
1214 977 1318 1066 petris

268 1093 436 1177 ducimur,
478 1093 504 1160 si
534 1093 674 1160 Nonium
705 1115 764 1160 suo
795 1115 880 1160 euno
913 1094 1051 1160 aedilem
1085 1094 1161 1160 enni
1196 1093 1318 1172 699155

267 1211 410 1280 curulem
438 1211 538 1278 fnisse
565 1231 741 1277 censemus.
784 1210 924 1298 deniqne
952 1233 1017 1300 quo
1039 1232 1124 1277 enno
1146 1212 1316 1300 Asprenas

268 1339 453 1420 preetursm
474 1326 757 1413 administrsuerie,
779 1351 821 1396 ex
835 1351 899 1418 quo
913 1350 998 1395 enno
1013 1328 1131 1407 708l46
1144 1327 1317 1416 proconsul

268 1447 374 1514 festus
401 1455 469 1530 est,
500 1444 652 1512 nescitur.
696 1467 738 1512 ex
763 1455 877 1512 nostre
902 1445 1006 1533 igitur
1031 1445 1190 1513 sententis
1217 1456 1317 1534 poete

268 1585 381 1632 omnes
412 1564 460 1630 rei
490 1563 638 1652 publices
668 1562 877 1649 magistratus
905 1585 925 1628 o
955 1561 1105 1631 Caesaris
1131 1561 1316 1652 pedisequis

267 1681 419 1770 ooonperi
443 1680 530 1748 intre
556 1681 681 1770 priores
708 1681 784 1746 suni
805 1679 923 1758 emron
951 1700 1078 1746 meuses
1107 1679 1249 1745 osrmine
1271 1697 1316 1746 Lu

267 1810 400 1888 questus
430 1798 463 1866 in
491 1795 647 1885 proximis
676 1796 773 1863 etism
798 1795 936 1863 comitiis
964 1817 1024 1884 per
1047 1793 1213 1861 homiuum
1235 1805 1317 1862 stru-

269 1937 432 1983 mosorum
453 1915 625 1981 uictoriam
646 1921 830 2002 reportasse
851 1914 906 1990 sit,
930 1935 1066 2001 quorum
1081 1915 1163 1979 alter
1176 1913 1317 2000 primum

268 2055 437 2100 ascensum
466 2030 507 2098 od
535 2030 666 2096 honoris
686 2029 854 2120 amplioris
873 2031 1010 2118 gradum
1032 2029 1116 2116 (cie,
1137 2029 1180 2094 de
1201 2031 1265 2118 leg.
1287 2037 1317 2096 ιιι

267 2151 289 2218 ὃ
310 2151 344 2234 7)
366 2149 563 2216 sedilitotem
584 2147 729 2215 curulem
750 2147 887 2236 adeptus
907 2159 1002 2233 esset,
1031 2147 1113 2214 ulter
1145 2157 1318 2237 praeturae

267 2288 372 2357 nuper
403 2263 465 2332 sibi
490 2287 662 2332 oonoeesoe
691 2265 869 2332 honoribus
898 2285 964 2332 non
986 2265 1124 2352 emplius
1145 2273 1318 2332 contentus

266 2384 332 2452 ism
346 2383 525 2450 desummo
540 2383 683 2448 omnium
704 2383 905 2471 megisto-sto,
926 2381 968 2450 de
989 2382 1158 2450 conamen
1171 2383 1316 2469 gerendo

268 2498 534 2590 inpudentissime
556 2498 727 2586 eogitsret.

349 2615 405 2682 Ex
425 2617 472 2683 eis
494 2637 578 2705 quse
593 2615 826 2703 disputeuimus
847 2615 986 2702 primum
1007 2613 1143 2704 adparet
1164 2615 1211 2681 eis
1232 2635 1318 2702 quse

266 2733 299 2801 in
323 2734 465 2799 osrmine
487 2753 530 2800 mr
553 2733 593 2799 de
621 2729 744 2798 Vatinii
773 2733 943 2798 consulatu
970 2732 1123 2818 leguntur
1152 2729 1318 2799 Getullum

267 2861 340 2940 post
369 2873 490 2916 sunum
512 2849 631 2927 700154
652 2848 772 2916 uixisse
800 2849 931 2937 probari
959 2871 1023 2914 non
1053 2869 1166 2936 posse,
1203 2847 1319 2917 deinde

267 2968 514 3056 Hieronymum,
537 2967 598 3033 etsi
612 2967 654 3032 ab
670 2967 758 3033 omni
773 2987 883 3033 errore
897 2967 1022 3035 absolui
1037 2977 1187 3054 nequest,
1209 2976 1318 3034 temen

267 3085 377 3174 magni
392 3083 511 3151 erroris
526 3081 658 3150 erimine
673 3083 874 3151 liberandum
889 3105 968 3150 esse.
1011 3107 1086 3152 uem
1102 3083 1129 3149 si
1142 3084 1318 3172 disputatio

267 3212 379 3270 nostre
399 3202 454 3270 uie
474 3212 566 3270 reete
585 3223 759 3290 progresso
780 3211 847 3284 est,
876 3200 940 3268 iem
970 3223 1035 3268 non
1063 3211 1131 3267 tem
1152 3201 1319 3284 deosnnio,

267 3320 363 3407 queis
384 3328 525 3386 erratum
547 3319 739 3408 plerumque
769 3328 802 3384 et
832 3319 934 3407 uulgo
956 3318 1206 3408 chronographo
1228 3319 1320 3406 inpu-

267 3447 348 3520 tont,
369 3459 465 3526 quem
486 3435 625 3502 triennio
645 3437 699 3502 uel
716 3435 927 3525 quadriennio
948 3437 1033 3503 iusto
1056 3437 1145 3526 prius
1160 3436 1320 3523 Hierony·

267 3577 339 3620 mus
375 3563 511 3619 mortem
548 3563 665 3640 poetae
697 3552 862 3620 indieeuit.
916 3553 1003 3641 quod
1032 3553 1108 3620 dum
1140 3551 1319 3635 sor-ibimus,

267 3671 422 3738 sumimus
444 3669 607 3738 Catullum
628 3681 744 3760 posteo
765 3691 862 3760 quem
885 3672 991 3738 medio
1013 3671 1082 3738 sere
1102 3691 1186 3736 euno
1201 3669 1329 3768 rooles

267 3789 385 3856 librum
399 3809 493 3854 suum
508 3787 670 3872 edidisset,
686 3809 761 3855 mox
776 3810 795 3854 e
809 3789 879 3855 uite
893 3788 1080 3855 deeessisse.
1105 3789 1158 3855 oui
1173 3787 1319 3875 opinioni
1455 3847 1456 3880 p
