3002 4490
551 341 630 396 XIIII
664 341 713 395 Db
730 339 879 397 dommo
1191 343 1242 396 819

195 529 266 574 aare
301 509 342 574 P.
379 509 507 575 &seiae
541 509 714 576 udssds'ssst
755 523 784 575 et
825 481 927 576 as'tatr'!
946 521 1143 576 accusatam
1183 531 1244 576 aon

192 625 344 708 meat,
371 637 538 712 eaeemptm
565 647 674 693 nomm
703 637 749 692 est
775 629 813 692 de
840 632 898 693 reis
921 625 1066 692 Oaraelir'.
1107 625 1248 692 Goaris&

193 751 297 808 autem
344 765 455 828 aaaron
502 741 637 826 iufamia
682 744 897 829 &grammat
936 741 1114 808 sandaliisse
1154 743 1243 808 sum-
1295 824 1299 834 Ι

192 859 266 922 tium
292 879 407 943 myrra
440 861 583 944 paeonia.
639 869 674 925 at
713 859 862 948 sequenti
896 881 983 927 anno
1017 859 1136 938 museo
1165 857 1243 926 Gor·

193 973 298 1040 nelias
323 973 441 1040 iterum
473 995 494 1039 a
525 974 562 1040 P.
588 971 737 1042 Cominio
770 995 880 1042 eorem
902 973 943 1056 Q.
965 973 1073 1043 Gallio
1095 985 1244 1064 praetore

192 1089 338 1158 eiusdem
366 1089 508 1158 oriminis
529 1103 699 1160 aecusatus
720 1101 787 1176 eat,
816 1092 872 1160 sed
894 1114 914 1158 a
936 1089 1095 1159 Cicerone
1116 1091 1243 1180 quadri·

191 1207 258 1274 duo
278 1205 578 1296 egregie-defensus
598 1209 767 1276 sententiis
788 1209 885 1296 longe
906 1208 1054 1297 plurimis
1074 1208 1243 1275 absolutus

191 1333 252 1391 est
293 1322 406 1390 iamsi
427 1345 556 1391 carmen
574 1341 651 1392 oven
671 1323 856 1392 adouratius
870 1325 1123 1411 consideramus,
1143 1325 1243 1391 mani·

189 1441 311 1508 festum
345 1450 395 1508 est
429 1439 612 1509 Geminium
655 1441 689 1508 in
722 1441 835 1530 primis
870 1443 1003 1530 linguae
1036 1443 1243 1530 procacitatis

189 1577 306 1625 musea
320 1553 450 1624 Catullo
473 1555 620 1624 odiosum
640 1557 749 1624 luisse.
790 1581 865 1624 nam
888 1555 1035 1626 Catullus
1057 1558 1102 1626 ait
1122 1560 1243 1648 populo

190 1673 350 1757 Roman,
371 1672 398 1739 si
413 1671 596 1741 Cominium
619 1693 729 1740 senem
743 1668 940 1762 ‘epaenetum
953 1674 1078 1764 inpuris
1091 1669 1245 1743 moribns’

190 1791 293 1878 digna
312 1799 417 1857 morte
432 1789 570 1857 adficere
585 1791 705 1874 liceret,
727 1791 922 1880 placiturum
941 1813 1011 1858 esse
1031 1793 1169 1880 primum
1184 1791 1242 1858 lin·

189 1929 291 1996 guam
306 1907 374 1974 eius
389 1907 481 1976 bonis
502 1909 665 1976 inimicam
680 1917 828 1975 exectum
842 1907 939 1974 auido
954 1909 1074 1975 uulturi
1088 1909 1241 1998 proicere,

189 2024 309 2092 deinde
329 2033 453 2091 eeteros
474 2025 620 2113 eorporis
648 2034 756 2112 partes
783 2024 994 2112 membraque
1021 2025 1150 2092 diuulsa
1171 2025 1241 2092 aliis

191 2140 303 2210 bestiis
324 2140 470 2210 uomnda
490 2141 625 2208 tradere
668 2163 752 2231 qnae
782 2163 880 2231 quam
908 2142 1050 2210 beneio
1078 2151 1241 2209 annuento

189 2281 260 2326 rem
288 2257 503 2341 inuidiosum,
535 2259 587 2324 eui
616 2279 689 2324 aere
717 2257 845 2324 dieendi
872 2279 977 2346 genus
1005 2258 1105 2325 fuisse
1127 2256 1241 2327 Oieero

190 2375 347 2444 iudioauit
359 2423 369 2460 ,
404 2375 565 2462 quadrent
596 2375 702 2463 quiuis
734 2373 902 2462 intellegit
965 2385 1134 2465 praeterea
1168 2397 1242 2442 oum

190 2513 243 2561 res
268 2493 433 2560 bominum
465 2491 666 2581 priuatorum
699 2499 838 2560 trmtare
869 2492 980 2580 eisque
1012 2485 1048 2559 se
1080 2492 1164 2560 ultro
1196 2493 1242 2559 in·

190 2611 328 2678 minemo
347 2607 468 2678 Catulli
491 2633 562 2678 mos
587 2631 652 2676 non
679 2611 793 2694 luerit,
821 2619 934 2678 oontn
965 2609 993 2675 si
1020 2607 1092 2698 quis
1121 2619 1178 2676 sut
1206 2631 1241 2675 se

190 2727 295 2816 ipsum
316 2737 373 2794 sut
393 2727 455 2794 sibi
477 2727 596 2796 amieos
617 2726 841 2810 lacessiuerat,
866 2725 1057 2794 auerrimnm
1079 2727 1112 2792 in
1134 2725 1241 2793 delen·

190 2843 298 2911 dendo
319 2843 388 2912 siue
406 2843 617 2933 inpugnando
638 2863 674 2910 se
694 2841 898 2932 praebuerit,
930 2851 1057 2910 tantum
1085 2844 1176 2911 abest
1205 2852 1242 2909 ut

190 2971 287 3050 poete
315 2962 349 3028 in
379 2961 568 3028 uniuersum
590 2961 729 3030 Cominii
756 2960 967 3050 petulantiam
996 2959 1129 3048 linguae
1149 2959 1241 3026 easti-

192 3099 271 3166 gare
303 3077 464 3163 uoluerit,
498 3091 535 3146 ut
565 3079 633 3144 eine
665 3077 731 3144 nlla
761 3077 962 3145 dubitatione
993 3075 1134 3143 ommino
1163 3093 1240 3142 oven

191 3195 342 3265 iniuriam
363 3196 526 3285 quandam
547 3194 733 3265 aGominio
756 3205 811 3262 ant
832 3192 893 3260 sibi
915 3204 971 3260 aut
991 3193 1087 3260 alicui
1108 3213 1239 3260 suorum

192 3313 366 3382 amicornm
392 3313 526 3381 inlatam
555 3314 643 3380 ultus
671 3313 723 3380 sit
765 3313 890 3401 itaque,
912 3323 948 3378 ut
969 3309 1111 3378 breuiter
1132 3318 1165 3376 et
1186 3331 1240 3376 au·

192 3429 303 3499 deuter
324 3453 408 3521 quae
428 3431 532 3498 sentio
554 3430 659 3497 dicam
683 3427 828 3519 (qnando
843 3427 974 3518 quidem
988 3426 1022 3494 in
1035 3425 1085 3494 his
1099 3427 1240 3496 tenebris

191 3547 279 3616 loeus
310 3533 407 3616 etiar‘n
440 3545 606 3615 audaeiori
638 3555 672 3614 et
703 3542 918 3612 artificiosiori
948 3543 1151 3612 coniecturae
1183 3545 1240 3610 nix

190 3663 430 3752 denegabitur),
452 3663 601 3752 equidem
623 3663 748 3730 anuinio
770 3671 898 3750 poetam
914 3659 1135 3728 Veronensum
1152 3681 1239 3728 anno

191 3779 324 3862 offlam,
351 3802 417 3871 quo
447 3803 566 3849 annum
594 3779 786 3869 uigeeimum
808 3779 945 3846 alterum
965 3780 1082 3848 aetatis
1110 3779 1240 3865 agebat,

191 3899 397 3966 moratione
418 3899 460 3966 G.
477 3897 620 3966 Cornelii
641 3919 699 3986 per
714 3897 749 3964 P.
765 3895 947 3964 Cominium
962 3894 1109 3962 instituta
1123 3895 1240 3962 iratum
