2954 4492
325 337 373 386 164
577 335 629 388 vn
662 334 710 386 Du
727 333 870 388 lemene
888 333 1081 388 Blunmco

316 501 437 567 tatibus
458 500 615 567 Romanis
637 505 669 566 in
695 502 711 564 1
740 501 810 566 133.
836 501 922 586 287).
964 501 1045 570 haec
1075 501 1156 568 ratio
1184 523 1225 570 eo
1254 503 1368 590 pulcre

316 617 525 684 confirmatur
554 617 642 706 quod
669 638 712 683 ex
733 617 884 684 carminis
909 641 1035 686 xxxxvr
1063 618 1210 686 uersibus
1231 620 1301 704 his,
1330 621 1364 685 in
1458 703 1459 714 ἵ

317 735 434 823 quibus
455 733 612 822 gaudium
633 733 674 800 de
695 733 802 800 reditu
821 734 962 801 instante
983 736 1184 823 exprimitur,

514 875 585 940 Iam
606 897 662 940 aer
683 874 818 963 epela'dos
838 875 937 962 refert
957 888 1072 961 tepores

513 992 577 1057 a'cm
598 993 679 1056 caeli
694 991 790 1075 furor
811 992 1025 1079 aequinoctius

511 1107 657 1174 monadis
677 1107 809 1194 zephyri
825 1109 933 1174 silescit
954 1113 1041 1174 cans

515 1223 693 1310 linquantur
715 1223 855 1310 Pappia,
879 1223 1003 1306 walle,
1024 1225 1135 1309 campi,

312 1391 443 1470 poetam
479 1380 615 1468 adparet
645 1381 754 1468 paullo
783 1391 858 1469 post
888 1381 1128 1471 aequinoctium
1164 1403 1301 1448 uernum
1330 1404 1361 1447 a

300 1498 430 1591 Ι698Ι56
453 1521 471 1564 e
491 1497 646 1583 Bithynia
673 1497 854 1585 profectum
883 1520 962 1564 esse.
1004 1520 1111 1586 neque
1142 1497 1231 1586 prius
1262 1520 1361 1585 quam

315 1625 442 1682 ceteros
462 1616 518 1701 qui
538 1614 571 1678 in
595 1612 740 1680 Memmii
762 1614 895 1681 cohorte
927 1625 1019 1680 erant
1049 1637 1110 1680 nec
1141 1615 1230 1702 prius
1263 1636 1361 1701 quam

313 1731 502 1798 Memmium
523 1731 629 1820 ipsum
650 1729 836 1814 Catullum,
873 1752 1068 1819 quamquam
1098 1732 1185 1796 solus
1210 1730 1307 1796 rediit
1328 1739 1363 1796 et

313 1850 443 1936 propria
470 1850 503 1914 in
531 1847 638 1915 reditu
658 1869 743 1914 naue
763 1867 840 1912 usus
861 1858 929 1932 est,
960 1849 1131 1916 reuertisse
1153 1870 1194 1914 ex
1217 1847 1362 1914 eiusdem

312 1987 439 2030 xxxxn
460 1962 610 2030 carminis
629 1963 777 2031 uersibus
798 1961 951 2030 extremis

515 2127 534 2172 o
554 2105 655 2170 dulces
676 2106 822 2171 cerrima
842 2105 944 2172 colera
963 2119 1073 2188 coetus,

512 2221 602 2308 espa
622 2245 699 2309 quaes
720 2223 813 2288 simrd
830 2246 851 2288 a
872 2221 962 2289 docco
980 2221 1141 2308 profectos

511 2338 657 2406 detersae
677 2339 790 2405 uariae
809 2344 878 2406 uice
898 2351 1056 2426 reportant

312 2495 407 2563 facile
428 2497 658 2565 concludimus.
702 2508 842 2564 ceterum
864 2519 924 2563 nos
944 2519 1043 2586 supra
1063 2497 1236 2584 sumpsisse
1257 2497 1360 2564 Mem-

312 2615 413 2680 mium
435 2636 617 2701 perunum
646 2615 750 2680 solum
772 2637 891 2680 annum
914 2614 947 2680 in
967 2614 1136 2702 prouincia
1156 2615 1359 2696 remansisse,

311 2753 379 2796 non
406 2731 479 2798 ideo
504 2731 637 2797 fecimus
667 2730 755 2819 quod
782 2731 837 2796 illo
867 2741 1011 2818 tempore
1036 2741 1203 2820 praetores
1223 2731 1359 2819 amplius

312 2869 397 2914 anno
433 2848 634 2935 prouinciam
664 2847 891 2914 administrare
919 2848 1038 2914 uetitos
1070 2870 1141 2914 esse
1171 2862 1358 2935 putaremus

313 2965 404 3046 (nam
433 2964 585 3052 antiquus
616 2961 668 3030 hic
696 2987 765 3030 mos
794 2964 868 3050 lege
896 2963 936 3030 de
966 2963 1142 3053 prouinciis
1173 2963 1358 3031 ordinandis

312 3077 464 3146 Cornelia
491 3102 576 3146 anno
598 3080 715 3158 euesel
740 3089 882 3146 mutatus
912 3080 975 3164 est)
987 3128 997 3163 ‚
1019 3081 1076 3146 scd
1106 3103 1145 3145 ea
1173 3081 1214 3147 do
1245 3105 1359 3148 caussa

312 3195 466 3283 quoniam
498 3196 593 3264 etism
628 3206 703 3285 post
738 3195 844 3284 legem
872 3196 1058 3265 Corneliam
1084 3197 1183 3263 latam
1211 3221 1358 3286 proprae-
1414 3223 1416 3226 ·

310 3320 398 3377 tores
420 3322 572 3378 canentes
594 3336 636 3379 ne
657 3312 698 3380 ad
720 3313 907 3378 consulatus
928 3313 1114 3400 petitionem
1129 3312 1359 3382 instituendam

311 3449 350 3492 ac
380 3427 589 3496 factitandam
618 3450 689 3495 sero
720 3429 859 3495 Romam
893 3429 1036 3495 redirent
1064 3431 1248 3518 prouincias
1275 3453 1358 3497 anno

310 3544 448 3631 amplius
470 3546 696 3614 administrare
717 3569 783 3612 non
805 3547 953 3613 solebant
975 3572 981 3610 :
1005 3569 1110 3635 neque
1131 3547 1304 3635 quicquam
1326 3549 1358 3612 in
1458 3525 1459 3536 ³

310 3659 392 3726 libro
421 3660 540 3728 Catulli
578 3663 738 3751 reperitur
785 3685 850 3752 quo
883 3663 1002 3729 diutius
1031 3686 1115 3730 anuo
1145 3663 1177 3729 in
1205 3637 1360 3752 Bithynia
1456 3659 1459 3680 ⁴

309 3785 438 3862 poetam
485 3777 602 3846 afuisse
646 3778 892 3846 demonstretur.
944 3790 1058 3845 contra
1101 3801 1143 3845 ex
1186 3782 1233 3846 eis
1274 3803 1357 3868 quae
1458 3817 1459 3822 κ

309 3915 406 3980 supra
427 3917 459 3982 p.
485 3895 542 3960 127
565 3894 799 3982 disputauimus
830 3895 898 3962 ueri
921 3895 1118 3962 simillimum
1146 3917 1215 3962 esse
1243 3897 1358 3985 opinor
