2950 4480
1098 307 1203 375 vlm

184 511 415 588 naseuntur,
437 531 518 594 quus
541 508 695 596 Siliifflns
711 531 778 578 non
793 512 856 594 ipsi
871 510 998 581 soribue
1013 513 1204 596 antiquissi-

185 651 249 708 mo,
275 629 334 698 sed
356 637 468 700 muron
490 632 615 696 nunni
637 651 702 696 non
724 630 836 698 minus
858 631 1021 714 untiquue'
1044 631 1202 699 attribuit

186 756 300 824 eostre
332 747 510 816 Eduordus
540 749 770 827 Woelfflinus,
802 751 860 834 qui
891 749 1065 816 Leutsohii
1097 753 1205 836 miii

185 868 311 938 librum
338 865 372 936 G
398 869 561 951 inspexit,
596 877 786 935 contextum
816 890 915 953 quern
942 891 1100 938 uoesmus
1128 893 1203 939 oum

187 989 289 1060 uariis
316 988 387 1056 illis
413 987 613 1056 leotionibue
631 1008 735 1054 runnu
755 1009 823 1054 uus
844 988 1024 1072 eodemque
1045 992 1204 1075 seriptum

185 1127 259 1179 esse
286 1107 542 1189 edfirmsuit20).
593 1107 785 1176 Woelffline
815 1109 1013 1180 Duobnerus
1040 1131 1078 1176 eo
1108 1120 1205 1178 tenue

188 1227 350 1295 &sensus
382 1235 434 1294 est
467 1241 507 1294 ut
530 1229 711 1292 maximum
734 1228 866 1310 quidem
888 1237 1016 1311 partem
1037 1231 1204 1304 uariorum

188 1346 369 1416 ientiooum
397 1345 608 1414 udseueraret
628 1369 648 1412 u
669 1347 776 1414 eoribu
797 1348 911 1413 eodem
933 1351 991 1432 qni
1016 1359 1206 1419 eontextum

187 1467 375 1550 scripsisset
385 1475 552 1534 merstem
565 1487 646 1544 esse,
662 1475 697 1532 ut
708 1476 818 1532 tumen
830 1487 897 1532 non
912 1468 1023 1535 nullos
1038 1489 1110 1536 esse
1124 1489 1207 1553 quse

190 1591 251 1654 out
272 1585 387 1654 eedem
409 1593 518 1652 uetute
532 1587 574 1652 ob
588 1587 654 1652 elio
669 1587 777 1652 soriba
792 1597 851 1653 eut
865 1598 1013 1670 tempore
1027 1590 1207 1671 posteriore

187 1703 321 1774 eddius
336 1725 408 1771 esse
421 1707 558 1789 possint.
590 1715 630 1771 ut
651 1706 763 1771 omnia
785 1705 847 1776 heo
870 1706 911 1771 de
932 1729 967 1770 ro
990 1727 1089 1790 quum
1112 1727 1205 1774 onon·

187 1825 356 1894 mtirsime
377 1824 656 1903 discernerentur,
684 1827 720 1890 iu
748 1824 926 1908 appendice
955 1826 1124 1892 Dueboeri
1149 1847 1206 1892 ex·

188 1953 300 2028 oerpte
321 1952 454 2016 seoutus
470 1943 562 2010 hisee
575 1945 662 2010 notis
677 1965 757 2010 usus
772 1965 857 2022 sum,
880 1965 972 2027 quoe,
994 1945 1080 2027 quod
1096 1945 1207 2030 negle-

188 2061 333 2147 gendum
345 2085 412 2130 uon
426 2071 485 2141 est
509 2063 555 2130 ed
578 2065 689 2130 solae
710 2064 911 2130 leotiones
933 2064 1045 2129 inter
1065 2085 1208 2139 uersus

188 2183 255 2250 uel
277 2181 325 2250 ed
347 2185 567 2268 marginem
590 2185 939 2269 seriptssepeoteut
966 2185 1208 2269 siguifioatigi·

190 2309 247 2372 rur
269 2301 316 2368 ΘΙ
338 2322 393 2368 ees
421 2303 531 2370 uariae
558 2302 716 2368 leotionee
745 2323 829 2386 quoe
855 2303 955 2386 plane
981 2301 1095 2369 eodem
1124 2312 1208 2369 teru-

189 2441 281 2506 pore,
309 2441 375 2504 quo
401 2431 573 2488 oontoxtus
601 2422 686 2506 ipse,
719 2442 740 2486 u
767 2419 800 2486 (t
827 2420 858 2487 h.
882 2444 909 2489 e.
938 2441 1058 2486 menn
1081 2423 1211 2505 prime

189 2540 331 2624 eruptus
351 2549 446 2606 eunt:
469 2541 518 2608 0²
537 2560 594 2608 ees
615 2561 698 2623 quse
719 2549 794 2623 post
815 2539 1056 2606 absolutionem
1078 2549 1136 2608 sut
1157 2547 1208 2608 to-

189 2660 259 2729 tius
280 2668 454 2728 contextus
477 2667 535 2726 eut
555 2660 661 2744 partis
683 2659 857 2726 ouiusdem
879 2683 900 2726 u
913 2659 948 2726 G
967 2661 1100 2726 additae
1115 2673 1210 2728 eunt:

190 2777 239 2850 G³
259 2799 315 2846 eus
343 2800 425 2863 ques
455 2787 639 2846 atramento
668 2779 842 2864 pallidiore
863 2787 898 2846 et
919 2780 1046 2846 salomo
1068 2781 1211 2846 acutiore

189 2919 311 2968 menes
342 2901 470 2983 prunus
502 2908 611 2966 aetate
637 2901 773 2968 omnino
803 2900 949 2984 aequalis
971 2900 1121 2984 scripsit,
1154 2899 1211 2966 sed

190 3025 302 3088 umen
325 3019 466 3085 fortune
499 3039 565 3086 non
598 3019 673 3102 ipsu
704 3020 819 3102 primu,
852 3039 928 3084 tum
957 3020 991 3083 in
1024 3019 1212 3085 litterarum

191 3135 402 3218 quarundam
428 3138 544 3204 dormis
573 3138 658 3204 leuis
689 3137 911 3221 discrepantis
931 3137 1019 3204 inter
1040 3137 1213 3220 utriusque

191 3256 392 3339 seripturam
419 3257 596 3341 edpereut:
630 3256 772 3339 denique
794 3255 842 3322 G*
864 3277 920 3322 ees
942 3276 1027 3339 quse
1048 3257 1212 3340 posterius

189 3393 290 3458 quern
313 3373 346 3442 G
368 3376 500 3459 seripsit
520 3375 644 3443 inletse
665 3395 737 3442 esse
758 3382 942 3459 possunt

293 3497 349 3568 D.-
371 3493 457 3564 liber
479 3494 635 3571 detmus,
667 3517 687 3561 a
716 3493 835 3562 Oarolo
864 3493 953 3560 Dato
974 3491 1055 3564 olim
1077 3491 1212 3562 Niooluo

191 3611 331 3686 Heinsio
353 3613 483 3685 oblutus
496 3619 552 3694 ³⁰),
573 3621 690 3699 posteo
711 3614 753 3681 ed
776 3610 1019 3692 LSmtenium,
1043 3611 1160 3681 deinde
1182 3633 1213 3683 e.

191 3774 262 3820 usur.
278 3767 364 3835 pillei
381 3785 461 3838 gem.
477 3770 551 3822 nisu.
569 3769 652 3838 (Lips.
670 3767 752 3834 leet)
770 3785 796 3836 p.
816 3767 865 3821 ns
949 3765 984 3819 29
1001 3767 1033 3821 ei.
1051 3775 1123 3822 nunt.
1141 3768 1211 3820 erud.

192 3859 258 3927 psit·
275 3869 300 3911 e·
320 3851 385 3908 isto
401 3871 428 3922 p,
449 3853 516 3914 1982
659 3853 695 3910 80
710 3853 743 3908 of·
760 3853 836 3911 huius
852 3853 954 3918 eduen,
972 3870 998 3921 p.
1016 3850 1066 3917 039

991 3954 1008 4007 b
