2920 4492
267 365 294 418 ll
326 365 376 420 DE
393 367 500 420 alters
515 365 650 421 NdeLl
666 367 714 422 tto·
728 366 863 420 sartor
881 366 1036 420 eamn}
1143 371 1177 422 dd

138 535 168 600 in
196 533 312 621 longas
344 533 513 600 consulum
543 533 725 600 futurorum
755 533 927 622 paginulas
957 533 1012 619 (cf.
1039 531 1106 602 Oic.
1136 533 1178 600 ed

136 652 203 718 Ate
219 657 260 715 rui
276 651 311 716 8⁸
335 651 371 736 2)
393 650 463 718 sine
484 651 582 718 dnbio
599 652 738 719 relatum
753 652 876 735 inisset,
898 673 957 740 per
977 651 1177 718 consolatum

136 790 204 834 cum
220 791 336 836 caussa
348 769 495 856 peierare
513 767 680 856 potuisset.
715 769 772 834 sed
787 769 900 835 eadem
916 776 1119 856 argumenta,
1143 778 1179 835 nt

140 885 245 974 quinis
265 884 365 969 uidet,
386 885 420 951 in
442 883 595 952 auxilinm
616 888 725 952 uocari
739 897 875 974 possunt
895 895 932 952 nt
947 907 1052 952 annus
1064 885 1182 964 699155

136 1003 388 1086 commendetur,
411 1023 508 1091 quem
530 1001 680 1091 equidem
703 1001 794 1085 (siin
809 1011 901 1069 tanta
914 1025 1021 1070 rernm
1041 1001 1182 1069 obscuri·

135 1128 199 1184 tate
234 1119 454 1186 coniecturum
494 1139 677 1206 proponere
707 1121 757 1184 las
793 1119 856 1203 est)
887 1119 1104 1207 praetulerim.
1153 1119 1181 1186 si

135 1235 216 1300 enim
255 1233 288 1301 id
325 1236 483 1323 temporis
514 1243 712 1300 momentum
744 1236 942 1322 inuestigare
975 1246 1180 1324 temptamus,

135 1373 196 1438 quo
228 1353 315 1419 intra
343 1351 508 1420 biennium
534 1350 612 1418 illud
640 1351 807 1418 Vatinium
836 1352 988 1440 soperbia
1014 1361 1113 1440 atque
1134 1354 1180 1419 in·

132 1467 284 1556 pudentia
307 1491 378 1536 sese
409 1491 507 1557 quam
537 1470 676 1535 maxime
708 1469 863 1536 extulisse
892 1479 924 1536 et
954 1470 1027 1536 ideo
1049 1468 1178 1536 Catullo

133 1609 225 1674 quam
249 1587 393 1654 mammo
415 1587 556 1653 innisum
577 1609 612 1652 se
626 1585 803 1653 reddidisse
823 1585 892 1651 ueri
913 1586 1016 1653 simile
1037 1595 1095 1670 est,
1116 1585 1179 1652 hcc

132 1713 195 1769 tum
216 1702 369 1772 incidisse
390 1703 583 1792 putauerim,
604 1723 679 1769 cnm
699 1702 851 1770 Vatinius
873 1703 987 1790 opibus
1008 1705 1041 1768 iu
1063 1701 1175 1790 primis

131 1817 276 1888 Cessatis
291 1821 431 1904 adiutus,
444 1819 535 1886 cuius
554 1842 664 1887 amore
678 1821 786 1886 omnia
802 1839 885 1908 quae
898 1821 997 1887 uellet
1011 1829 1177 1887 consectu-

131 1957 197 2002 rnm
220 1959 294 2004 sese
318 1937 425 2004 dicere
445 1939 570 2005 solebat
592 1938 646 2022 (cf.
665 1938 699 2003 in
714 1936 823 2004 Vatin.
841 1937 880 2002 16
900 1937 966 2023 38),
990 1937 1035 2003 Μ.
1051 1935 1177 2004 Getone

132 2057 329 2142 conpetitore
359 2054 552 2142 grauissimo
586 2055 717 2142 repulso
752 2053 913 2142 prioribus
949 2053 1025 2120 suni
1058 2055 1176 2131 stasne

130 2171 291 2238 mensibus
314 2183 443 2259 praetor
471 2193 585 2238 recens
611 2179 740 2238 creatus
769 2179 848 2237 erat.
891 2171 1035 2238 Nonium
1066 2180 1175 2238 antem

130 2288 265 2356 comitiis
286 2287 442 2356 aediliciis
461 2311 539 2356 mox
552 2299 627 2376 post
648 2288 829 2354 consularis
846 2287 1035 2375 aPompeio
1056 2286 1176 2356 habitis

130 2402 261 2471 aedilem
297 2403 383 2470 illius
414 2405 490 2471 anni
525 2405 669 2472 curulem
704 2415 848 2472 creatum
882 2427 952 2471 esse
985 2404 1175 2472 censuerim.

131 2519 242 2606 quibus
263 2523 300 2588 in
323 2521 459 2588 comitiis
476 2543 541 2610 quo
563 2522 785 2589 uehementius
806 2531 839 2588 et
858 2521 962 2588 acrius
984 2543 1052 2588 non
1071 2520 1175 2588 solum

130 2637 287 2725 suffragiis
317 2638 374 2704 sed
402 2639 499 2705 etiam
521 2639 619 2705 armis
639 2650 821 2726 pugnatum
842 2649 908 2723 est,
934 2661 972 2706 eo
994 2639 1099 2726 magis
1122 2639 1175 2704 ad·

130 2754 259 2822 nersaffi
290 2755 391 2822 trium
426 2754 569 2822 uirorum
604 2777 639 2820 se
673 2755 879 2823 succubuisse
913 2755 1174 2844 indignabantur,

130 2881 223 2959 atque
246 2893 286 2940 eo
310 2871 413 2958 magis
436 2872 573 2950 Nonius,
597 2871 678 2938 siin
704 2873 767 2940 illis
788 2874 867 2961 ipsis
888 2873 1027 2941 comitiis
1047 2883 1174 2941 oreatus

131 2988 320 3056 candidatos
351 2989 555 3076 optimatium
587 2992 730 3076 uicerat,
766 3013 844 3080 prae
876 2991 946 3058 aliis
974 2989 1176 3059 Caesarianis

128 3101 253 3172 (latnllo
283 3105 408 3173 inuisus
436 3117 517 3175 erat.
560 3119 704 3175 ceterum
726 3108 767 3175 de
789 3109 928 3176 comitiis
949 3119 983 3176 et
1004 3108 1176 3174 consolari·

128 3218 184 3286 bus
205 3234 239 3292 et
258 3222 418 3290 aediliciis
432 3247 460 3289 a.
475 3223 593 3302 699155
607 3224 648 3290 of.
663 3224 845 3292 Drumanni
858 3225 933 3291 hist.
948 3224 1044 3290 Rom.
1060 3247 1090 3292 ιιι
1102 3225 1175 3290 279.

127 3336 231 3404 teon
244 3339 302 3406 46.
323 3349 492 3427 praetcrea
514 3339 695 3406 cauendum
711 3351 761 3407 est
781 3363 822 3407 ne
840 3341 991 3430 aPighio
1014 3342 1176 3409 annalium

128 3475 156 3518 ιιι
175 3456 237 3524 398
258 3457 294 3522 in
317 3477 457 3522 errorem
479 3457 680 3540 seducamur,
703 3459 759 3548 qui
773 3455 1000 3548 Sempronium
1016 3459 1176 3548 quendam

127 3569 311 3640 Atratimm
332 3571 472 3639 aedilem
493 3593 577 3638 enno
591 3573 712 3651 699156
733 3575 878 3641 curulem
900 3577 1000 3644 luisse
1021 3577 1090 3644 sine
1111 3576 1177 3644 olla

127 3707 235 3755 ouum
267 3689 388 3756 idonea
409 3689 584 3756 contendit.
626 3711 733 3779 neque
765 3712 805 3757 ea
833 3713 917 3780 quae
946 3694 986 3762 de
1013 3694 1176 3760 aedilitate

128 3807 224 3874 curuli
253 3831 275 3874 a
307 3805 420 3873 Nouio
447 3827 532 3872 anno
564 3807 682 3884 699l5t)
711 3818 805 3895 gesta
837 3809 975 3877 diximus
1007 3810 1176 3878 subtiliore

128 3925 236 3992 estatis
251 3923 356 3994 Nonii
366 3921 557 4011 Asprenatis
572 3923 826 3994 consideratione
840 3926 1040 3994 refelluntur.
1076 3927 1175 3994 Nonii
