2970 4484
313 323 364 375 tlt
513 317 592 372 vnn
624 319 673 372 Dii
690 318 849 374 CAESARE
865 319 913 372 ur
930 319 1162 374 mutuemus

197 503 202 534 ¹
315 484 488 554 Oeeserern
510 497 543 554 et
563 487 759 554 Memurrem
781 509 855 554 cum
874 485 987 554 Mucio
1006 507 1075 552 rem
1091 484 1252 554 hebuisse.
1282 507 1362 554 nem

313 603 488 691 Pompeius
516 627 588 670 cum
618 602 789 671 Geessrem
811 603 939 671 Mucios
960 604 1144 671 adulterum
1165 603 1364 690 Aegisthum

313 721 499 809 edpellsrst,
521 721 580 787 hoc
599 743 638 788 eo
653 721 756 788 solum
771 744 868 788 sensu
887 721 994 788 fecere
1013 719 1119 809 potuit
1140 729 1177 786 ut
1197 741 1231 786 ss
1252 719 1362 807 ipsum

186 835 189 842 ’
313 859 386 904 cum
410 837 656 922 Agamemnone
682 837 737 904 din
766 837 841 902 olim
863 848 896 902 et
916 835 1015 924 longe
1035 859 1055 902 e
1076 835 1181 924 petris
1201 847 1235 903 et
1256 857 1363 904 uxore

313 955 448 1020 ebsente
468 963 670 1040 conpararet.
722 954 808 1020 unde
835 951 1063 1041 conligendum
1086 963 1137 1020 est
1156 952 1362 1042 Pompeium,

313 1091 387 1136 cum
403 1068 524 1137 Caesar
539 1071 607 1137 eius
618 1070 713 1136 uxori
728 1070 943 1155 insidiaretur,
964 1093 985 1136 e
1004 1070 1110 1136 Rome
1130 1069 1185 1136 diu
1207 1079 1240 1136 et
1260 1071 1363 1158 longe

312 1187 439 1254 afuisse.
491 1186 548 1252 sed
583 1210 667 1254 enno
702 1188 829 1272 684170,
863 1209 929 1274 quo
964 1189 1103 1275 primum
1138 1187 1252 1253 consul
1287 1187 1362 1271 fuit,

312 1304 485 1392 Pompeius
499 1304 625 1370 Romae
646 1304 729 1370 uixit
748 1325 854 1391 neque
874 1304 951 1370 olibi
974 1305 1100 1370 duobus
1117 1303 1210 1370 ennis
1223 1325 1362 1390 sequen-

310 1420 405 1486 tibus.
448 1419 506 1486 sed
534 1441 606 1485 cum
632 1441 710 1486 uere
732 1419 807 1486 enni
828 1419 944 1498 dssildi
974 1420 1014 1486 ed
1046 1419 1167 1507 piretus
1195 1419 1361 1508 fugendos
1466 1425 1467 1492 3

311 1535 416 1603 Rome
437 1537 598 1624 profectus
621 1547 714 1620 esset,
737 1537 779 1622 (si
793 1562 814 1604 e
827 1538 919 1604 breui
934 1539 1187 1606 commoretione
1200 1536 1256 1604 ilio
1271 1559 1360 1604 enno
1466 1559 1467 1570 ¹

311 1655 398 1721 secte
428 1653 631 1738 discesseris,
664 1655 704 1721 de
737 1676 801 1743 que
824 1655 1012 1744 ,Drumenni
1042 1655 1194 1721 historiae
1225 1663 1266 1720 uu
1295 1655 1361 1720 410

311 1771 439 1854 uidens)
461 1793 526 1838 non
547 1781 622 1839 ente
643 1773 720 1838 enni
741 1771 855 1850 693161
879 1771 1005 1840 initium
1026 1771 1102 1838 illuc
1116 1769 1213 1838 rediit
1234 1793 1242 1836 ε
1265 1771 1360 1838 cuius

310 1889 464 1975 temporis
486 1899 609 1976 purtem
630 1889 727 1976 longe
748 1889 920 1956 maximum
940 1888 973 1955 in
989 1888 1088 1954 Asiae
1104 1887 1238 1954 minoris
1252 1887 1357 1974 regio-

310 2004 405 2070 nibus
425 2005 650 2072 remotioribus
671 2017 888 2073 commoretus
910 2015 968 2074 est
1010 2015 1108 2092 etque
1122 2006 1183 2072 heo
1206 2003 1359 2072 diuturne

311 2121 456 2190 absentie
481 2122 616 2211 Pompei
645 2121 765 2190 Oeeser
793 2134 826 2189 st
851 2123 1017 2190 Mamurra
1049 2123 1089 2190 ed
1118 2121 1262 2189 Mucium
1290 2143 1359 2188 cor·

310 2240 520 2326 rumpendam
548 2240 642 2306 ebusi
669 2250 753 2306 sunt.
795 2261 878 2327 quoe
898 2251 1046 2328 tempore
1067 2261 1263 2326 quemquem
1285 2261 1358 2305 cum
1465 2281 1466 2300 1

310 2366 456 2444 tempore
487 2380 508 2423 e
538 2356 667 2425 Catullo
699 2355 840 2423 indicato
874 2379 939 2424 non
970 2356 1125 2424 cdcurete
1160 2367 1359 2444 congruunt,

309 2483 417 2540 temen
438 2483 567 2540 nostroe
588 2475 766 2542 sententies
789 2473 919 2540 minime
939 2473 1094 2540 officiunt.
1138 2471 1230 2539 cuius
1251 2474 1359 2540 desen·

308 2590 430 2657 dendoe
461 2612 575 2656 ceusse
605 2601 730 2657 tantum
757 2591 851 2658 ebest
879 2600 915 2655 ut
936 2589 1091 2677 Pompeio
1121 2611 1188 2656 non
1217 2589 1294 2654 dum
1323 2589 1357 2656 in

309 2706 419 2772 Asiem
450 2707 594 2794 profecto
624 2729 684 2794 per
711 2708 931 2774 adulterorum
958 2705 1082 2774 occulto
1111 2717 1145 2772 et
1165 2717 1281 2794 postes
1303 2706 1357 2772 de·

309 2845 396 2888 mum
417 2823 471 2888 illo
493 2823 599 2890 Rome
625 2826 759 2891 absente
787 2823 928 2912 apertius
953 2845 1023 2888 rem
1043 2845 1117 2889 cum
1137 2823 1247 2890 Mucio
1267 2823 1356 2891 insti-

311 2939 410 3006 tuisse
439 2939 602 3024 dicemus,
636 2952 672 3006 ut
693 2951 839 3028 poetam,
861 2963 935 3007 cum
955 2963 1041 3006 enno
1062 2941 1180 3016 699155
1200 2941 1355 3029 Pompeio

311 3175 372 3239 bus
393 3173 425 3238 in
447 3171 516 3240 dies
534 3174 640 3260 megin
660 3174 760 3240 libere
781 3185 814 3240 et
831 3173 982 3261 inpudice
999 3196 1034 3240 se
1055 3173 1174 3240 dedere
1191 3181 1357 3262 repeteret

311 3299 344 3354 et
365 3288 515 3355 adulterii
539 3290 631 3374 illius,
653 3289 740 3377 quod
763 3290 891 3358 diuortii
906 3290 1039 3379 Pompei
1055 3301 1088 3356 et
1101 3289 1228 3356 Muciae
1243 3312 1356 3358 ceusse

309 3407 424 3490 isserat,
447 3405 632 3472 memoriam
650 3409 816 3491 recoleret,
838 3407 917 3474 iliud
937 3407 1026 3496 prius
1047 3419 1174 3494 tempus
1197 3407 1354 3494 significe-

310 3533 418 3588 turum
440 3523 672 3610 cogitationum
693 3525 932 3592 consociatione
946 3524 1097 3592 isoillime
1110 3522 1356 3612 promptissime-

311 3661 376 3725 que
407 3639 448 3705 ed
477 3641 612 3729 Pompei
640 3643 780 3730 priorem
812 3643 1014 3710 consulatum
1043 3643 1354 3710 commemorandum
1463 3701 1464 3742 ζ

314 3757 476 3844 relapsum
498 3779 568 3824 esse
590 3769 622 3824 st
642 3759 772 3824 triennii
790 3757 1024 3846 indiligentiam
1046 3760 1077 3826 in
1100 3758 1282 3846 quindecim
1303 3781 1355 3824 en·
1463 3799 1464 3870 ἒ

313 3895 428 3940 norum
456 3895 581 3940 summe
604 3897 668 3942 non
697 3875 742 3942 ite
769 3897 921 3961 magnum
943 3876 1141 3944 committere
1162 3899 1260 3967 quem
1283 3899 1354 3944 con·
1463 3883 1464 3912 ³
