2950 4480
1140 301 1209 371 vn

190 515 268 581 fecit
282 513 434 597 exemplo
449 511 589 579 Oarolus
604 510 889 593 unumunurn),
904 531 968 593 quo
983 531 1079 577 namo
1094 511 1209 578 doctus

191 653 351 717 umquam
380 632 421 698 dc
450 630 583 698 Catullo
615 629 740 696 edendo
773 631 894 696 melius
925 631 1064 697 meritus
1096 641 1146 697 ost
1159 633 1207 716 ²³).

191 753 381 837 exemplum
404 772 584 818 ueroneose
606 750 737 833 quando
759 749 895 834 perierit
922 760 985 827 (an
1011 749 1108 816 hodie
1129 771 1208 834 quo-

193 894 258 957 que
272 872 394 938 alicubi
410 871 524 956 lutati)
546 871 749 956 nescitur²⁴).
785 872 864 954 quin
880 871 982 935 immo
996 878 1070 954 post
1085 891 1209 935 annum

197 992 301 1070 1875,
340 1011 438 1075 quem
471 1011 572 1076 supra
604 990 688 1068 dixi,
726 991 894 1057 neminem
931 991 1120 1057 inuenimue
1156 991 1212 1072 qui

9 1178 14 1190 ,
127 1123 128 1126 ’
193 1112 265 1178 eius
287 1111 489 1176 mentionem
512 1110 633 1176 lecerit
677 1110 826 1176 arbitrati
849 1108 981 1192 quidem
1004 1117 1084 1175 eunt
1105 1109 1210 1175 lauch·

193 1251 336 1297 mannus
358 1238 390 1296 et
412 1229 633 1315 Hauptius²⁵)
660 1230 757 1296 etiarn
786 1229 842 1296 diu
870 1237 946 1313 post
972 1229 1057 1296 illud
1080 1239 1211 1315 tempus

193 1350 345 1433 exemplo
372 1350 548 1415 ueronansi
575 1349 703 1432 aliquos
730 1348 879 1414 homines
906 1349 1004 1415 italos
1031 1369 1107 1415 usos
1129 1369 1210 1428 esse,

193 1469 300 1536 uoluti
322 1477 452 1552 praeter
475 1469 556 1536 alios
578 1468 613 1533 in
636 1468 754 1552 primis
769 1467 998 1534 Alexandrum
1014 1467 1211 1545 (lucrinum,

193 1587 411 1672 professorem
438 1588 520 1654 olim
549 1588 792 1664 ferrariensem,
821 1587 878 1669 qui
900 1586 1026 1653 Gatulli
1048 1587 1171 1653 librum
1193 1609 1214 1652 a

195 1707 350 1790 Baptista
378 1716 472 1791 patre
499 1706 710 1772 emendatum
742 1727 817 1772 cum
850 1707 1111 1790 expositionibus
1144 1707 1213 1773 auis

195 1827 347 1892 Venetiis
362 1845 449 1892 anno
472 1826 553 1891 1521
576 1824 686 1892 edidit.
717 1825 774 1890 sed
790 1825 875 1891 banc
889 1827 1085 1892 sententiam
1100 1805 1215 1893 ueram

195 1965 268 2011 csso
289 1944 373 2010 milri
394 1945 591 2030 persuadere
612 1965 678 2010 non
701 1944 780 2010 dum
801 1945 948 2028 potui²⁶).

298 2064 391 2130 Haec
419 2066 447 2130 si
475 2072 563 2130 recte
591 2072 648 2130 aut
669 2063 886 2148 probabiliter
907 2064 1025 2129 saltem
1048 2063 1216 2148 disputata

197 2189 287 2261 sunt,
303 2182 400 2266 quale
415 2184 605 2266 exemplum
620 2203 802 2249 ueroncnso
816 2183 916 2249 buerit
929 2204 995 2248 non
1007 2184 1104 2250 aliter
1115 2205 1213 2267 quarn

196 2303 368 2386 scripturis
397 2301 546 2368 codicum
579 2303 834 2369 catullianorum
869 2303 1027 2369 bonorum
1060 2283 1146 2369 ibter
1179 2325 1215 2368 se

198 2422 376 2504 conpositis
399 2430 432 2486 et
452 2421 643 2505 ponderatis
665 2442 859 2507 cognoscere
879 2442 1070 2505 possumus,
1098 2421 1216 2488 deinde

197 2538 240 2606 ad
263 2541 407 2623 exempli
429 2541 541 2626 gallici
556 2540 780 2608 condicionem
802 2540 1023 2626 indagandam
1046 2541 1108 2608 soli
1130 2541 1216 2608 libro

196 2659 342 2726 thuaneo
374 2659 624 2737 confidendum,
657 2659 799 2743 deniquo
832 2660 1002 2746 archetypi
1034 2662 1216 2745 proprietas

197 2778 361 2862 exemplis
388 2779 508 2863 gallico
534 2787 568 2845 et
593 2780 767 2846 ucrouenai
795 2780 933 2847 conlutis
960 2781 1137 2866 aperienda
1159 2790 1217 2848 est.

306 2895 374 2965 Sed
386 2899 480 2982 prius
492 2919 591 2982 quam
604 2900 722 2966 borum
738 2899 896 2966 librorum
912 2902 1218 2984 antiquissimorum

199 3017 297 3083 bodie
325 3017 568 3102 deperditorum
595 3020 811 3102 proprietates
839 3020 983 3102 explico,
1016 3020 1113 3086 uideo
1134 3021 1217 3086 milri

198 3155 304 3220 pauca
326 3137 367 3202 dc
388 3136 554 3204 codicibus
569 3139 819 3222 manuscriptis
841 3139 889 3204 eis
910 3139 1032 3222 quibus
1053 3161 1113 3225 ego
1135 3161 1216 3206 usus

199 3253 372 3321 Oatullum
393 3259 568 3343 recognoui
590 3257 787 3342 exponenda
806 3279 886 3325 esso.
932 3269 1011 3325 aunt
1033 3267 1144 3327 autom
1167 3260 1217 3326 bi:

199 3533 220 3568 o.
239 3535 265 3584 p.
282 3516 334 3568 284
352 3535 390 3585 sq.
475 3517 510 3570 77
532 3519 564 3572 cd
585 3533 649 3585 quaa
670 3518 725 3586 ipsc
746 3520 778 3571 dc
801 3536 847 3570 sua
865 3517 975 3569 editions
993 3518 1057 3570 dixit
1073 3527 1122 3572 act.
1141 3519 1220 3574 litter.

198 3600 412 3654 adussisse
423 3619 461 3654 nr.
482 3603 532 3655 109
549 3619 571 3660 11
589 3603 638 3657 acl
709 3603 743 3656 78
760 3604 794 3660 cl.
812 3621 844 3656 m.
861 3619 902 3670 qu.
921 3601 966 3658 17
1035 3603 1070 3654 24
1087 3603 1119 3655 de
1131 3603 1220 3657 biblio·

199 3686 278 3738 tbsca
312 3686 444 3753 capitulari
477 3689 611 3741 coronensi
644 3689 725 3755 dcqrw
758 3689 857 3740 esibus
885 3688 975 3755 quibus
1000 3687 1101 3741 addicta
1126 3697 1167 3742 ost
1191 3689 1225 3743 ca

198 3771 315 3825 roland
332 3771 414 3826 ltinsr.
437 3772 491 3826 ital.
510 3789 520 3829 1
537 3773 673 3826 ael-acc
759 3774 793 3826 25
814 3789 839 3828 ιι.
863 3773 914 3827 ind.
932 3773 990 3826 lect
1008 3774 1113 3826 berolin.
1131 3775 1220 3828 acatia.

198 3875 224 3912 ι.
248 3855 315 3908 1⁸5⁷
337 3858 401 3923 pb
475 3857 564 3914 2ch
587 3859 707 3927 quaeda
730 3857 777 3912 bac
799 3859 1221 3928 remearatiuasxposuiinind.
