3002 4490
491 359 567 410 xlm
604 359 652 412 DE
668 357 825 412 emmau
842 355 941 410 hxvn
1187 355 1236 408 ul

275 526 384 594 Senex
421 525 552 613 quirinu
582 525 797 605 Veronensis,
829 524 879 590 uir
909 523 1062 590 honeetue
1093 544 1131 587 ac
1162 541 1234 610 pro·

191 645 269 723 bur,
302 639 479 710 Caecilium
511 641 647 708 Balbum
679 639 883 720 Brixianam,
917 661 1012 728 quem
1043 638 1124 716 iam,
1160 638 1238 704 dum

190 759 333 843 uiuebat,
355 759 396 824 ad
418 781 454 825 ee
469 759 599 826 domum
620 769 797 846 receperat,
818 767 1011 826 testamento
1026 757 1075 822 aui
1089 755 1239 822 heredem

192 888 225 945 et
260 876 387 943 aedium
421 897 553 944 auarum
587 897 677 942 erum
713 876 935 942 constituerat.
999 895 1076 940 eene
1110 881 1239 938 mortae

191 993 339 1062 dominae
369 1015 473 1060 noune
505 1013 623 1059 curanr
651 1001 687 1058 ut
715 990 825 1058 domni
855 1000 1035 1058 menonem
1064 989 1157 1056 daret
1176 988 1239 1054 uir-

190 1112 298 1200 ginem
327 1109 515 1176 Brixianam
544 1108 737 1196 municipem
768 1108 929 1195 quandam
957 1129 1049 1174 auam
1077 1107 1111 1173 in
1131 1106 1239 1173 matri·

190 1207 336 1294 monium
357 1226 521 1292 Veronam
544 1224 687 1307 deduxit,
710 1225 766 1291 aed
788 1223 926 1313 turpiter
947 1225 988 1290 ab
1009 1223 1064 1290 ille
1085 1224 1239 1310 deceptae

191 1355 256 1427 eat,
277 1366 349 1410 cum
371 1365 428 1431 pro
449 1363 553 1408 uxore
574 1342 690 1430 pudica
711 1351 743 1408 et
763 1341 828 1410 fida
849 1339 1015 1407 mulierem
1035 1339 1238 1408 libidinosam

190 1471 326 1527 nanctae
355 1470 455 1542 aaact,
483 1481 566 1546 quae
595 1458 659 1526 iarn
689 1467 785 1524 antea
813 1478 886 1524 cnm
912 1457 992 1522 uiris
1020 1455 1238 1543 conpluribue,

190 1577 291 1643 ueluti
323 1597 397 1643 oum
418 1575 584 1642 Poetumio
610 1586 643 1642 et
665 1573 816 1641 Cornelio
838 1586 870 1640 et
890 1569 1000 1660 ‘longo
1021 1571 1161 1662 quodam
1183 1571 1239 1638 hu·

189 1687 293 1775 mine’,
327 1693 423 1758 immo
450 1713 523 1758 cum
554 1691 624 1780 ipeo
653 1689 784 1758 Caecilii
805 1690 911 1756 mariti
931 1699 1023 1777 patre
1055 1687 1239 1756 adulterare

190 1818 411 1876 ceuraeacrat
453 1807 548 1874 huiue
573 1805 780 1873 mulierculae
799 1805 924 1892 flagitia
943 1815 980 1872 ut
997 1807 1238 1894 peretringeret

189 1927 339 1994 Catulino
361 1947 433 1992 cunr
461 1925 557 1990 ianua
590 1923 718 1990 aedium
747 1945 858 1988 earum
887 1923 921 1990 in
949 1923 1067 2011 quibua
1091 1921 1240 1988 adultera

188 2042 360 2112 habitabat
401 2039 605 2128 conloquium
648 2040 806 2122 instituit,
840 2037 873 2106 in
916 2061 980 2126 qao
1012 2041 1141 2107 ianuam
1177 2039 1239 2106 sibi

187 2161 356 2249 quaerenti
387 2158 532 2225 facinora
564 2179 638 2224 erae
671 2179 776 2224 nouae
804 2169 987 2224 narrantem
1018 2157 1104 2224 fecit.
1168 2178 1238 2222 een-

187 2275 321 2342 tentiarn
362 2284 506 2340 noemam
553 2273 818 2361 qualemcumque
862 2273 908 2338 ita
952 2273 1074 2360 optime
1109 2273 1238 2342 defendi

188 2415 286 2481 poeee
318 2401 468 2480 putamur
500 2401 536 2455 ut
568 2387 609 2454 de
641 2389 867 2478 probabilitate
899 2391 1130 2458 sententiarum
1158 2411 1238 2478 quae

188 2509 244 2576 alii
266 2507 421 2575 dixerunt
441 2506 644 2572 diraeramne.
687 2508 827 2594 primum
848 2508 1092 2595 quaeriturque
1109 2506 1238 2590 inurbc

187 2625 304 2692 domna
331 2624 466 2692 aceleata
494 2647 558 2690 una
594 2647 666 2690 cam
697 2637 843 2690 matrona
872 2634 905 2690 et
932 2623 1028 2690 ianua
1056 2625 1111 2690 ille
1130 2623 1237 2690 fuerit

187 2743 355 2809 Antonius
389 2739 581 2808 Parthenius
612 2739 745 2808 Brixiae
779 2741 909 2808 domum
944 2740 1042 2808 fuieae
1074 2741 1239 2808 contendit

187 2858 322 2926 ridicule
353 2858 474 2924 addens
509 2859 542 2924 in
573 2879 668 2924 uerau
702 2857 760 2940 34,
793 2857 825 2922 in
860 2880 924 2946 quo
954 2858 1052 2925 ianua
1073 2857 1237 2926 Veronam

184 2969 297 3044 ‘auam'
319 2974 480 3064 tripolion,
509 2985 640 3063 poetam
669 2975 709 3042 ad
731 2996 822 3040 auam
842 2973 941 3064 ipeiae
968 2978 1081 3044 urbem
1100 2976 1237 3064 patriam

187 3093 361 3180 reapicere.
405 3114 464 3180 pro
486 3091 600 3158 Brixia
621 3091 730 3180 Scipio
753 3113 884 3180 quoque
898 3091 1049 3160 Maffeiua
1070 3092 1238 3180 pugnauit,

187 3210 245 3298 qui
267 3231 381 3276 nereus
402 3209 443 3276 33
465 3219 498 3276 et
518 3209 560 3275 34
580 3207 705 3296 epurioa
729 3231 799 3275 eaeo
820 3209 997 3276 contendit.
1033 3209 1120 3299 quod
1143 3209 1238 3276 unice

187 3347 301 3392 uerum
324 3337 374 3393 eat
394 3325 426 3392 ie
446 3323 595 3413 Scaliger
616 3327 739 3414 primur
760 3327 908 3394 docuiaae
930 3327 1066 3409 uidetur,
1088 3326 1239 3394 Veronae

188 3443 287 3510 aedae
307 3443 379 3510 illae
400 3443 502 3510 iniere
524 3455 556 3508 et
575 3443 695 3510 ibidem
722 3466 757 3510 ee
776 3465 848 3510 cum
870 3445 968 3512 ianua
990 3443 1238 3532 conloquentem

188 3569 317 3648 ροοωω
339 3559 456 3626 iecieea
478 3585 485 3626 :
508 3559 571 3624 boo
599 3581 641 3626 ex
672 3581 768 3626 uereu
794 3560 835 3625 34
864 3560 951 3626 clare
980 3562 1116 3627 elucere.
1161 3557 1240 3628 Sca*

188 3676 326 3762 ligerum
347 3675 462 3742 merito
483 3675 600 3744 Petrae
620 3675 802 3744 Galeardua
823 3688 855 3744 et
868 3677 1006 3764 Vulpiua
1028 3677 1131 3744 secuti
1152 3689 1237 3756 eunt,

186 3812 326 3881 quorum
356 3792 496 3881 uestigia
527 3793 675 3862 deterere
704 3793 924 3860 Froehlicbiua
957 3805 990 3860 et
1016 3793 1236 3862 Roerbecbiur

185 3931 253 3978 non
288 3909 458 3978 debebant
509 3931 645 3998 quorum
674 3921 811 3999 uterque
838 3933 924 3978 noua
951 3933 1104 3978 uersuum
1131 3909 1235 3978 dietri-
