2950 4480
290 290 397 362 xlm

393 495 524 562 Horum
550 494 711 562 librorum
739 493 935 561 lectionibus
957 516 978 564 s
998 501 1152 562 contextu
1175 502 1311 562 ncstm

292 613 446 681 editionis
468 613 738 698 discrepantibus,
760 614 899 697 quaein
922 613 1100 698 appendice
1121 636 1152 698 p.
1164 613 1226 680 175
1237 636 1311 700 sqq.

291 733 447 818 descripsi
456 735 496 818 ³⁶)
518 732 629 799 addidi
650 732 806 798 lectiones
820 742 855 799 et
868 746 1086 800 correctorum
1103 733 1180 798 libri
1195 733 1310 800 dabani

291 863 324 920 et
345 853 500 920 editionis
522 852 669 931 21472,
691 861 731 920 ut
752 854 853 918 etiem
873 851 1033 918 librorum
1056 873 1138 936 quoe
1160 853 1309 920 diximus

292 973 557 1040 adulterinorum
579 974 744 1056 specimen
767 971 988 1038 exhiberetur.
1024 971 1064 1036 de
1079 970 1222 1039 editione
1235 971 1307 1048 illa,

292 1115 391 1178 quem
414 1093 516 1178 uulgo
538 1093 673 1176 quidem
695 1093 751 1158 ecd
775 1092 862 1158 mele
883 1113 943 1176 pro
965 1093 1110 1176 principe
1125 1091 1306 1176 habentss),

291 1213 372 1278 baec
395 1220 474 1278 sunt
495 1210 646 1280 dicende:

387 1355 429 1418 p:
445 1330 545 1397 editio
557 1353 585 1396 a
598 1327 691 1396 1472.
707 1329 897 1414 exemplum
908 1329 987 1396 libri
998 1331 1157 1396 rarissimi
1165 1330 1305 1408 ienense,

290 1470 354 1533 quo
388 1448 508 1516 Oerclc
536 1449 754 1532 ilccttlingio,
785 1449 858 1514 uiro
889 1449 1089 1525 clarissimo,
1121 1447 1307 1514 humaniter

291 1568 488 1634 eoncedente
511 1569 561 1633 nti
583 1567 691 1651 potui,
724 1567 873 1634 continet
902 1567 991 1632 foliis
1024 1566 1240 1632 CLXXXVI
1271 1567 1306 1632 in

294 1689 401 1755 forma
435 1688 646 1772 quaternaria
682 1686 742 1751 hoc
778 1684 893 1751 ordine
928 1686 1099 1752 Catullum
1136 1685 1305 1752 Tibullum

292 1807 501 1892 Propertium
525 1806 624 1874 Statii
652 1807 764 1872 siluas.
808 1807 841 1871 in
869 1809 935 1872 fine
957 1806 1137 1872 uoluminis
1159 1805 1239 1872 haec
1258 1805 1306 1871 le-

291 1935 429 2013 guntur:
454 1929 581 1994 Tabula
602 1927 760 1992 librorum
777 1927 834 2011 qui
847 1935 921 1992 erent
936 1928 972 1992 ic
980 1929 1125 2011 presenti
1140 1927 1305 1992 uelamine

310 2046 451 2130 lAlbice
473 2047 618 2112 theam
639 2047 753 2130 ekpice
774 2048 921 2130 Scriptor-
943 2046 1090 2131 optimus.
1119 2050 1125 2126 Ι
1155 2045 1307 2112 Aurelius

292 2167 485 2250 Propertius
506 2168 670 2230 Beuenue.
690 2167 695 2249 Ι
716 2165 902 2232 Clarissimi
911 2174 1004 2250 poete
1021 2165 1308 2236 OctclliVercneeia

291 2287 484 2371 Fpiprdme.
503 2295 508 2363 Ι
528 2287 607 2352 Ru.
620 2286 777 2369 Papinius.
789 2287 912 2350 &etius
919 2285 1105 2370 spicarum.
1125 2290 1131 2360 Ι
1150 2282 1308 2350 ΜΟΟΟΌ.

291 2407 444 2472 LXXII.
469 2442 506 2454 -
530 2403 604 2470 Fcl.
626 2404 655 2467 Ir
676 2424 815 2470 rraeuum
839 2414 899 2483 cst,
922 2405 957 2468 in
980 2404 1035 2472 iol
1057 2402 1090 2468 1¹¹
1108 2403 1179 2470 uita
1202 2403 1309 2469 breuis

295 2521 421 2590 Catulli
448 2523 578 2608 legitur,
606 2524 884 2607 quemqu132
910 2525 1067 2608 excripsi,
1095 2525 1131 2588 in
1158 2523 1237 2589 solie
1258 2520 1309 2587 ΙΙ*

292 2664 423 2710 summe
452 2652 503 2710 est
528 2645 732 2728 epigramma
758 2644 844 2710 illud
866 2647 921 2710 Ad
944 2647 1094 2730 petriam
1120 2645 1214 2710 uenio
1241 2663 1307 2724 seq.

292 2783 368 2828 cum
384 2763 597 2846 inscriptione
619 2763 671 2842 (ci.
688 2763 776 2828 inira
790 2765 826 2830 in
841 2765 907 2830 fine
922 2765 1089 2830 uariarum
1105 2763 1308 2837 lectionum).

292 2882 379 2948 infre
415 2883 451 2946 in
491 2882 572 2948 inlic
605 2883 720 2950 codem
752 2883 837 2949 liber
870 2880 993 2948 catulli
1025 2883 1157 2967 incipit,
1194 2880 1309 2966 quiin

294 3107 363 3144 meas
382 3097 472 3159 quaest
498 3097 545 3144 eat.
563 3091 576 3144 1
596 3093 627 3143 13
729 3091 764 3143 36
786 3093 808 3144 si
830 3091 872 3158 qni
894 3108 935 3142 me
956 3091 1134 3158 uituperabunt
1153 3089 1308 3156 quodetiam

292 3175 472 3243 discrepantias
489 3177 532 3228 uel
549 3177 756 3244 orthographica
773 3176 814 3228 nel
832 3176 895 3228 slim
912 3193 956 3228 eae
973 3192 1079 3243 quarum
1097 3175 1130 3227 nd
1147 3175 1201 3242 ipss
1218 3171 1308 3226 Catulli

294 3262 373 3312 uerba
396 3261 552 3313 emendanda
572 3262 655 3314 nullm
678 3280 738 3314 unns
761 3279 817 3314 esse
840 3271 924 3329 potest
946 3262 973 3314 in
990 3262 1128 3328 appendice
1145 3261 1189 3312 illa
1205 3275 1309 3312 comme·

293 3347 450 3409 mersuerim,
469 3348 614 3415 uituperent
632 3346 702 3399 lieet:
723 3358 749 3397 tt
765 3347 788 3398 si
799 3364 880 3413 poena
893 3347 1000 3413 quedam
1012 3345 1103 3414 dignus
1115 3345 1233 3408 habebor,
1250 3342 1309 3396 satia

292 3447 334 3482 me
347 3433 483 3484 cruciatum
500 3431 611 3484 iudicent
629 3431 714 3483 taedio
731 3448 781 3498 qne
799 3432 870 3484 labor
889 3433 929 3482 bic
946 3431 1137 3484 molestissimus
1154 3446 1194 3480 me
1211 3428 1309 3481 adiecit

293 3516 360 3580 quod
382 3517 492 3568 taedium
518 3518 594 3570 etism
616 3533 682 3568 nnnc
699 3535 740 3568 me
758 3517 940 3584 prohibetque
958 3517 1040 3568 minus
1057 3516 1178 3568 udonem
1194 3531 1269 3581 qnam
1284 3511 1310 3564 in

296 3599 343 3651 bae
361 3618 389 3651 re
407 3613 508 3654 secutus
529 3621 583 3653 sum
602 3602 734 3654 defendent
740 3637 749 3664 ,
766 3602 813 3652 etei
831 3603 878 3652 boe
895 3602 963 3654 baud
980 3603 1065 3668 inepte
1086 3599 1142 3652 fieri
1162 3616 1235 3666 pesse
1252 3597 1312 3649 mibi

293 3684 416 3751 persuasi.
451 3685 499 3736 hoe
522 3703 598 3737 unum
622 3695 707 3738 tamen
729 3704 744 3739 s
765 3701 805 3738 me
827 3686 963 3754 impetrare
987 3703 1036 3739 nen
1058 3685 1130 3754 potui
1150 3692 1179 3736 ut
1200 3701 1231 3736 ee
1251 3683 1311 3734 uitia

293 3768 380 3820 insana
396 3785 461 3834 qnae
484 3767 567 3820 scriba
588 3769 649 3821 libri
665 3771 859 3839 hamburgensis
876 3770 1000 3822 commisit
1016 3770 1085 3822 solus
1107 3768 1149 3837 (b.
1165 3787 1186 3821 s.
1204 3785 1269 3834 quse
1286 3767 1311 3818 in

293 3853 365 3914 libris
383 3853 492 3928 eecce
509 3871 557 3907 nnn
576 3855 649 3927 sunt)
670 3857 794 3910 referrem
896 3856 930 3912 3⁷
952 3859 984 3911 ei.
1002 3856 1108 3912 Brnueti
1124 3871 1191 3908 man.
1207 3853 1265 3906 libr.
1280 3851 1312 3908 1⁸
