3002 4490
308 355 358 406 Μ
663 349 728 402 Xlll
763 347 812 400 DE
829 347 992 402 CAECILIO

307 529 487 606 temporum
509 519 649 582 rationes
671 515 711 581 de
731 514 857 582 duobus
878 514 975 581 Varis
994 514 1066 597 illis,
1091 484 1190 580 altero
1213 514 1351 603 Vergilii

306 632 499 722 Horatiiqne
527 633 630 698 amieo
658 633 759 699 altero
783 629 901 698 Catulli
929 629 1098 712 familiari,
1131 630 1244 717 pulere
1275 653 1351 698 eon·

306 753 450 816 eluentes
471 750 629 816 aoeednnt
648 748 710 816 alia
743 748 901 836 quaedam
932 769 1016 837 quae
1042 746 1124 813 duos
1150 746 1223 813 illos
1245 747 1351 816 Veros

304 889 364 955 pro
387 889 452 933 uno
476 877 508 932 et
528 865 642 933 eodem
663 866 791 932 bomine
811 865 975 932 habendos
999 886 1067 930 esse
1088 864 1258 952 probabile
1276 865 1350 934 rd-

304 985 395 1051 dunt.
428 985 545 1050 etenim
558 981 664 1048 Varus
674 981 882 1069 Vergilianus
895 981 1011 1048 studiis
1023 981 1202 1048 litterarum
1218 1001 1349 1069 operam

304 1099 395 1167 dedit
427 1111 460 1165 et
488 1099 667 1166 carminum
696 1097 793 1163 iudex
822 1097 960 1184 optimus
986 1097 1047 1164 fuit
1068 1122 1076 1164 ε
1097 1119 1205 1166 nonne
1226 1097 1349 1168 eisdem

196 1251 198 1256 ·
303 1219 400 1285 rebus
428 1214 643 1283 catullianum
673 1235 801 1302 quoqne
823 1214 945 1280 Varum
976 1234 1109 1280 numme
1139 1235 1182 1282 ex
1208 1214 1349 1282 earmiue

180 1369 182 1373 ·
303 1356 370 1398 xxu
392 1343 503 1422 aperte
522 1330 649 1421 liquet?
684 1332 800 1398 deinde
823 1331 1003 1429 communio
1024 1329 1149 1418 patriae
1181 1353 1265 1418 quae
1284 1330 1347 1400 Cs-

301 1450 380 1515 tnllo
401 1449 490 1516 Varo
509 1446 655 1536 Vergilio
675 1448 736 1514 fuit
755 1449 855 1533 digna
877 1457 927 1514 est
947 1447 1038 1514 euius
1058 1448 1091 1513 in
1113 1447 1174 1516 hae
1194 1470 1231 1514 re
1250 1449 1346 1516 ratio·

303 1588 374 1630 nem
396 1565 580 1633 habeamus.
604 1601 641 1613 —-
664 1562 705 1631 de
727 1561 860 1652 Suffeno
882 1573 978 1652 poeta
997 1565 1102 1650 malo,
1129 1566 1170 1631 de
1192 1587 1256 1654 quo
1277 1587 1345 1632 ear·

302 1704 376 1748 men
409 1705 475 1748 xxn
514 1681 665 1750 Catullus
706 1681 747 1746 ad
782 1681 906 1748 Varum
940 1680 1046 1760 misit,
1090 1681 1169 1749 nihil
1210 1683 1346 1771 amplius

301 1801 474 1866 memoriae
501 1799 654 1866 traditum
676 1820 746 1864 esse
769 1799 832 1865 iam
853 1820 952 1888 supra
977 1822 1009 1887 p.
1029 1798 1092 1865 258
1111 1798 1261 1868 diximus.
1302 1801 1345 1870 de

300 1926 445 2004 tempore
467 1917 618 1982 carminis
638 1938 705 1982 xxu
728 1916 807 1982 nihil
828 1913 955 1983 definiri
976 1925 1092 2004 potest.

383 2065 467 2134 Cum
500 2066 545 2131 eis
578 2089 662 2155 quae
697 2068 738 2134 de
770 2067 858 2136 Varo
891 2067 1100 2135 Cremonensi
1136 2065 1346 2135 disseruimus

301 2205 403 2270 pauca
429 2182 625 2271 coniungere
651 2183 742 2250 lubet
770 2205 853 2274 qnae
880 2183 921 2252 de
947 2185 1014 2251 eius
1035 2185 1181 2274 populari
1203 2184 1344 2273 quodam

301 2301 477 2390 eodemque
491 2311 588 2390 poeto
601 2301 708 2368 <liuere
726 2301 889 2369 babemus.
932 2302 965 2368 in
985 2303 1125 2368 carmine
1146 2303 1231 2370 enirn
1251 2327 1344 2370 xxxv
1473 2315 1485 2324 ”

300 2419 412 2484 Poetae
440 2431 541 2484 unere
567 2441 634 2485 meo
661 2419 762 2486 rodeli
781 2417 956 2488 Caecilium
977 2419 1248 2487 Nouieomensem
1268 2443 1345 2508 poe·

299 2544 364 2600 tam
386 2533 441 2600 illo
463 2545 607 2622 tempore
628 2536 661 2600 in
683 2536 824 2601 carmine
846 2536 886 2600 de
907 2535 1030 2624 Cybele
1057 2536 1226 2603 scribendo
1251 2559 1345 2604 oocu-

300 2663 410 2738 patum
438 2650 553 2718 inuitat
578 2662 614 2718 ut
635 2651 736 2720 Come
765 2663 799 2720 et
820 2649 917 2718 Lario
947 2653 1019 2720 laon
1039 2653 1160 2720 relictis
1181 2653 1344 2722 Veronam

301 2766 447 2832 celeriter
466 2770 586 2846 ueniat,
607 2767 755 2855 quamuis
775 2769 890 2856 puella,
912 2770 1002 2835 euius
1023 2787 1166 2835 amorem
1182 2769 1235 2837 ille
1249 2781 1344 2859 parte

301 2885 451 2950 carminis
472 2884 512 2950 de
532 2883 654 2972 Cybele
674 2884 759 2951 illius
780 2885 914 2952 recitate
935 2877 995 2952 sibi
1016 2885 1250 2970 conciliauerit,
1272 2911 1343 2976 pre-

299 3001 390 3067 cibus
411 3001 639 3088 blanditiisque
661 3000 691 3068 ei
710 3023 752 3067 ne
773 2979 904 3069 festinet
917 3002 1053 3070 insistet.
1095 3027 1153 3070 our
1167 3003 1343 3072 Caecilium

298 3117 485 3184 inuitauerit
502 3116 649 3186 Catullus
669 3119 703 3184 in
723 3120 870 3186 uersibus
892 3121 1004 3207 quinto
1027 3131 1059 3186 et
1080 3130 1171 3188 sexto
1193 3119 1273 3189 dicit
1292 3147 1300 3189 ε

497 3293 567 3334 nom
588 3273 736 3358 quondm
757 3272 826 3336 uolo
851 3271 1044 3360 coystats‘ouer

495 3388 592 3451 amici
609 3389 747 3474 ueoipiot
765 3393 816 3454 essi
833 3389 961 3476 mabar.

298 3551 377 3618 haee
399 3554 590 3642 interpretes
609 3577 720 3623 omnes
735 3557 775 3622 de
790 3557 881 3623 amici
897 3555 1038 3625 Caecilio
1061 3569 1093 3624 et
1107 3557 1235 3626 Catullo
1257 3583 1343 3630 oom-

296 3670 403 3734 munis
423 3669 534 3736 neseio
555 3671 645 3737 onius
666 3672 802 3739 consiliis
828 3674 880 3739 uel
908 3673 1074 3742 sententiis
1101 3673 1340 3746 intellexerunt.

296 3806 393 3873 quam
415 3785 710 3873 interpretationem
737 3810 847 3855 ueram
870 3813 940 3858 esse
961 3791 1092 3859 eredere
1112 3813 1179 3860 non
1199 3815 1340 3880 possum.

296 3901 441 3988 equidem
467 3901 629 3972 Catullum
656 3907 837 3994 putauerim
856 3909 896 3974 od
919 3931 977 3974 sua
997 3911 1099 3998 ipsius
1120 3911 1264 3978 earmina
1284 3911 1339 3980 ali-

1477 3655 1493 3740 t
