3002 4490
284 301 334 354 ⁸⁶2
584 297 661 350 xlm
692 297 739 350 DE
757 297 915 350 omme
932 297 1032 350 bxvn

284 459 348 532 sus'
369 466 421 532 ucl
442 459 614 532 ‘mortuus'.
657 467 805 532 omuibus
819 463 994 534 Homerica
1011 463 1066 530 ills
1086 458 1197 530 ὁδ’ἐν
1210 463 1337 550 scalpus

284 577 451 670 τονιῖσθη,
481 577 540 650 ἐπὶ
569 579 668 666 χθονὶ
695 585 782 648 κεῖτο
805 578 981 658 τανυσθείς
1008 582 1126 648 similia
1147 591 1225 648 ncta
1247 590 1335 648 sunt.

284 711 455 788 praeterea
482 722 524 766 ex
546 699 671 767 Latinis
695 699 901 766 conferantur
922 698 1061 786 Vergilii
1083 698 1247 766 Aeneidos
1268 719 1335 762 muas

283 816 344 882 587
367 816 442 904 Ipse
468 828 513 881 ter
540 816 677 882 adducta
700 816 816 880 circum
838 828 928 901 caput
948 816 1011 904 epit
1031 815 1151 882 haletre
1171 817 1214 880 m
1232 818 1336 883 medie

283 935 412 1000 aduersi
436 931 602 1021 la'qaoefuctc
623 945 762 1019 impera
780 931 902 1018 plumbo
922 931 1063 1018 Diffidet
1082 955 1122 998 uc
1142 935 1235 998 multu
1255 956 1332 1017 pcr-

283 1063 395 1116 reetum
409 1051 537 1114 eursu&
549 1048 677 1129 bureau,
693 1047 821 1112 Horatii
836 1045 962 1134 epodon
979 1047 1019 1112 10
1033 1047 1071 1112 21
1094 1047 1205 1134 Opima
1220 1049 1338 1135 quadri

283 1169 402 1252 praeda
432 1187 525 1232 carrus
553 1167 639 1230 litore
668 1166 817 1230 Porrecto
848 1187 966 1253 mer-poa
1000 1166 1138 1242 musam,
1172 1165 1334 1233 Martialis

284 1283 553 1370 epigrammatum
576 1304 641 1346 viru
654 1281 703 1346 85
725 1279 925 1368 Lcuqcids'er
952 1293 1049 1347 raom
1076 1283 1111 1348 sa'
1134 1285 1258 1369 quaudo
1287 1293 1335 1346 est

285 1399 415 1477 Parlais,
438 1397 532 1473 Asai,
551 1396 624 1464 Neu
638 1421 681 1474 ae,
703 1399 858 1465 mutuae
871 1397 1001 1464 abstinet
1014 1399 1066 1464 alle
1080 1421 1160 1466 acce.
1202 1398 1247 1464 Ta
1261 1399 1333 1464 lear-

280 1538 378 1602 puers
411 1513 539 1602 quidam
570 1514 664 1580 sulco
681 1517 821 1602 fictoque
841 1515 974 1597 Morus,
989 1531 992 1540 ·
1005 1515 1069 1580 ced
1094 1538 1162 1582 mec
1189 1517 1334 1602 porrecti

283 1631 436 1718 ψωωία,
469 1630 585 1710 Paule,
615 1631 722 1716 pedes.
762 1629 881 1715 (Persii
910 1642 1039 1700 saturae
1066 1632 1087 1698 3
1118 1632 1178 1698 103
1197 1635 1330 1698 tandm

284 1772 343 1836 qus
364 1749 496 1814 beaurlm
517 1751 575 1814 aaa
598 1719 782 1834 conpesce·
810 1751 885 1816 lecte
914 1755 1088 1836 crurumque
1114 1752 1224 1814 belaum
1247 1773 1330 1814 aare·

282 1864 406 1930 misle
426 1877 546 1950 portum
567 1866 684 1954 ripidcs
705 1868 804 1932 calcea
825 1868 978 1950 extendit).
1021 1889 1080 1934 nec
1108 1865 1221 1932 dubito
1250 1868 1329 1956 quin

282 1982 316 2046 iu
348 1978 418 2048 Ser.
450 1977 584 2070 Sulpicii
612 1982 652 2048 ad
681 1981 870 2049 Ciceronem
901 1984 1040 2070 epistula
1068 1987 1122 2070 (nu
1151 1987 1172 2051 5
1199 1987 1235 2066 4)
1261 1985 1330 2050 bear

282 2121 336 2164 raca
355 2097 529 2164 leomrmcrds'
560 2099 781 2187 reciperemur,
813 2102 845 2165 ai
872 2103 943 2187 quie
972 2113 1106 2168 nomm
1135 2103 1252 2168 interiit
1278 2114 1331 2168 cut

282 2215 402 2280 creabas
430 2225 487 2297 ert,
519 2237 649 2302 querum
670 2221 733 2282 aba
754 2217 958 2286 breuiorem
979 2218 1073 2302 debat,
1094 2241 1166 2286 cum
1185 2242 1245 2286 auc
1265 2221 1330 2286 loco
1469 2271 1470 2290 1

282 2342 322 2396 tet
342 2335 482 2418 oppidum
503 2333 658 2398 cadauera
677 2335 818 2419 proiecta
839 2334 964 2401 lacerat?
996 2357 1055 2423 pro
1068 2338 1219 2422 prea'sctu,
1240 2335 1328 2422 quud

282 2458 415 2537 propter
444 2455 522 2515 iacet
552 2448 693 2516 uicinum
726 2450 891 2538 displicet,
921 2465 1062 2537 porrecte
1094 2452 1328 2520 emendendum

282 2564 331 2632 sit.
355 2603 390 2614 -
415 2565 502 2650 Nos,
530 2578 566 2634 ut
588 2566 652 2634 iam
679 2589 778 2656 supra
799 2567 1028 2653 iudicauimus,
1058 2569 1193 2638 Balbum
1216 2593 1329 2638 uersus

281 2683 367 2750 tertii
394 2693 428 2750 et
455 2682 632 2751 Caecilium
653 2707 767 2752 uersus
794 2687 871 2752 noni
900 2709 998 2752 uuum
1026 2687 1127 2754 fuisse
1154 2687 1328 2770 hominem,

282 2797 458 2866 Caecilium
491 2799 651 2884 Balbum,
685 2802 851 2869 adulterae
880 2802 967 2868 illius
998 2804 1137 2870 feminae
1166 2803 1328 2886 maritum,

281 2914 500 2983 existimantes
529 2918 575 2983 sic
602 2918 669 2984 fers
700 2941 811 2986 uersus
830 2919 952 3007 priores
975 2941 1143 2986 censemus
1164 2921 1327 3008 explican-

280 3033 339 3100 dus
361 3055 439 3100 esee.
471 3045 568 3123 pceta
589 3057 630 3102 ex
647 3035 746 3102 ianua
757 3035 920 3124 quaesiuit
934 3059 992 3102 cur
1004 3037 1085 3124 ipse,
1100 3057 1195 3124 quae,
1216 3059 1327 3124 quem·

280 3150 337 3216 diu
365 3151 474 3218 senilis
503 3173 667 3238 possessor
689 3151 815 3220 aedium
845 3151 969 3220 uiueret
996 3153 1171 3242 sedemque
1192 3163 1327 3236 tanum,

280 3267 412 3337 Caecilii
434 3269 527 3336 Balbi
558 3292 576 3336 e
604 3291 681 3336 seue
706 3269 740 3334 in
763 3269 894 3337 domum
921 3269 1041 3358 recepti
1064 3273 1117 3357 (ec
1139 3271 1226 3359 quod
1248 3270 1328 3339 nihil

279 3386 409 3454 sceleris
431 3396 465 3452 et
484 3386 600 3474 liegitii
621 3387 654 3451 in
675 3385 804 3453 domum
826 3386 1020 3470 admisisset)
1049 3389 1176 3454 fidelem
1198 3409 1326 3454 seruam

278 3524 313 3569 sc
333 3502 547 3591 praebuisset,
577 3524 673 3589 quam
700 3500 839 3590 primum
858 3515 932 3590 pest
952 3503 1038 3570 senis
1060 3504 1221 3570 testatoris
1244 3525 1326 3570 rucr-

278 3629 342 3686 tem
364 3619 520 3686 maritalis
546 3621 632 3687 facts
654 3631 738 3686 essct
759 3622 871 3704 (abrasa
891 3625 998 3686 manta
1019 3649 1059 3676 =
1081 3622 1190 3688 tlemus
1216 3626 1325 3688 merra

278 3737 362 3826 apud
384 3736 513 3804 Liuium
543 3759 630 3803 xxvu
656 3737 728 3820 31),
757 3738 841 3804 uotis
876 3759 951 3804 erae
979 3759 1082 3804 nouae
1107 3737 1202 3827 inpiis
1231 3739 1324 3806 eboc

279 3853 369 3919 diens
404 3864 501 3940 atque
536 3851 687 3942 nequitiis
722 3852 915 3941 turpissimis
952 3865 1067 3941 petens
1109 3854 1206 3922 fidem
1249 3855 1323 3920 clim
