2970 4484
280 287 326 340 192
476 283 552 338 vnn
586 283 875 336 oscarensem·
895 281 1123 336 crussmsms

422 461 551 536 paterno
569 451 680 536 prs’ora
700 450 853 516 lamnam
874 463 943 516 runt
961 451 1037 516 bono
1058 475 1069 515 .·

426 569 558 632 seeundo
577 569 696 654 proedo
717 568 845 634 Pontion
863 594 875 633 .·
895 569 966 633 sude
986 567 1077 632 tertia

426 684 556 766 Hibero,
578 705 667 770 quom
688 683 745 748 seit
764 688 861 748 ιιιιιιιίι
881 681 1005 766 aurifer
1029 682 1143 768 Togae.

354 823 383 868 so
422 804 500 866 aas
522 799 648 865 Galim
668 801 752 864 aaut
771 811 798 864 st
816 799 1012 864 Britormsisr.
1051 859 1055 865 .

424 919 498 1004 quui
515 920 594 982 tane
614 915 727 982 motum
745 915 885 996 senode?
904 928 960 980 aut
978 911 1052 1002 quid
1069 915 1122 980 dio
1139 927 1239 1000 potest

421 1034 484 1098 nisi
499 1045 594 1097 arou
613 1033 765 1098 deuorare
783 1034 999 1116 panormus?

422 1171 493 1214 eoae
512 1149 631 1214 nemim
649 1147 743 1227 urbis,
764 1149 992 1233 opulmtiraima

420 1287 516 1347 soem,
533 1287 699 1353 peneque,
718 1262 908 1350 perdidistis
928 1266 1054 1330 ernstio?

271 1498 312 1564 de
339 1495 561 1564 emendatione
586 1496 699 1563 horum
728 1517 880 1564 uersuum
906 1519 972 1562 non
999 1497 1090 1564 nulla
1120 1497 1318 1564 enarrationi

270 1625 400 1682 nostrae
428 1613 633 1701 praemittere
661 1614 767 1702 placet
793 1625 830 1679 ut
857 1613 1037 1679 doctiorum
1065 1613 1197 1700 ingenia
1227 1613 1317 1680 insti·

268 1731 376 1820 gando
407 1731 527 1797 iudicia
558 1752 644 1798 noua
675 1730 715 1796 de
746 1710 817 1798 ioco
844 1729 1033 1798 difficillimo
1062 1730 1187 1796 eliciam
1208 1756 1215 1794 :
1238 1750 1314 1796 nam

268 1871 351 1937 quae
372 1849 440 1937 ipss
461 1847 622 1937 proferam
644 1849 745 1937 probe
772 1847 838 1914 scio
867 1871 933 1915 non
961 1848 1109 1915 omnibus
1130 1846 1313 1914 nominibus

267 1975 356 2032 oona
390 1987 471 2032 esse.
527 1966 667 2054 primum
708 1965 748 2031 de
785 1987 951 2031 uersuum
982 1987 1063 2053 quos
1106 1963 1313 2052 adposuimus

268 2081 380 2149 ordine
402 2082 560 2149 tralaticio
583 2081 756 2170 quaeritur.
798 2081 889 2148 ouius
910 2084 951 2148 de
973 2081 1108 2150 ueritus
1129 2104 1222 2148 nemo
1244 2104 1312 2147 um·

266 2222 365 2288 quam
385 2199 470 2288 quod
494 2199 592 2266 seiam
609 2211 737 2286 praeter
751 2199 958 2266 Theodorum
972 2197 1206 2266 Mommsenum
1221 2197 1312 2266 dubi-

265 2317 367 2398 tauit,
400 2315 455 2405 qui
488 2339 560 2383 oum
589 2316 623 2382 in
652 2316 806 2383 historiae
833 2316 1000 2384 Romanae
1027 2341 1057 2383 ιιι
1086 2315 1150 2381 315
1180 2339 1311 2382 carmen

266 2432 386 2501 Catulli
401 2433 688 2524 undetrigesimum
710 2435 743 2500 in
759 2433 988 2501 Germanicum
1008 2455 1200 2500 conuersum
1215 2433 1312 2499 ascri·

264 2550 371 2635 beret,
399 2572 511 2617 uersus
538 2551 583 2616 ita
610 2549 771 2616 ordinauit
792 2561 828 2617 ut
849 2573 962 2618 uersus
984 2559 1139 2638 quattuor
1159 2549 1311 2616 carminis

264 2677 425 2733 extremos
448 2667 601 2752 (el-24)
621 2679 697 2755 post
723 2689 852 2733 uersum
873 2667 1032 2733 decimum
1054 2693 1086 2733 es
1106 2669 1263 2754 irspudioua
1284 2679 1311 2732 et

262 2805 361 2850 uuus
389 2796 418 2849 et
442 2787 509 2850 oleo
539 2783 702 2850 insereret.
746 2783 863 2874 quain
885 2786 1012 2851 reneri
1034 2785 1233 2872 aliquantum
1260 2783 1309 2850 uir

262 2901 538 2987 ingeniosissimus
566 2901 730 2990 perspexit
757 2924 818 2968 neo
844 2911 975 2986 umen,
1006 2914 1043 2970 ut
1070 2900 1148 2967 mihi
1177 2901 1307 2989 quidem

261 3016 407 3102 uidetur,
439 3039 534 3084 omna
561 3039 685 3085 uerum.
727 3018 804 3105 quid
831 3040 911 3084 uero
941 3029 990 3085 est
1018 3019 1106 3108 quod
1133 3019 1167 3084 in
1195 3019 1307 3086 ordina

260 3132 393 3222 uolgato
422 3133 592 3201 offendat?
639 3135 777 3222 primum
800 3133 961 3202 Catullum
984 3134 1129 3201 uersibus
1149 3135 1191 3201 23
1213 3145 1246 3202 et
1266 3136 1307 3202 24

259 3271 389 3317 carmen
422 3250 563 3318 finiuisse
592 3251 650 3316 nix
679 3259 729 3317 est
762 3250 926 3318 credibile.
970 3254 1091 3319 etenim
1112 3252 1142 3319 ei
1164 3275 1238 3318 oum
1260 3254 1306 3320 eis

259 3387 342 3453 quae
364 3368 559 3434 antecedunt
580 3389 694 3456 parum
717 3367 900 3437 oohaeront.
944 3367 1092 3437 Catullus
1111 3369 1145 3434 in
1160 3369 1306 3436 uersibus

257 3485 297 3549 21
320 3494 354 3550 et
374 3485 416 3548 22
435 3484 696 3572 indignabundus
717 3486 896 3574 interrogat
915 3481 983 3552 ‘our
1001 3487 1110 3575 igitur,
1134 3487 1257 3556 Caesar
1273 3497 1306 3552 et

257 3598 403 3688 Pompei,
419 3599 627 3686 Mamurram,
643 3602 803 3669 hominem
816 3603 1057 3692 nequissimum,
1078 3603 1221 3671 faustis?
1252 3605 1305 3671 uel

255 3719 377 3805 potius,
405 3727 442 3783 nt
462 3719 567 3806 magis
588 3720 737 3786 uniuerso
759 3721 974 3809 interrogem,
996 3721 1074 3811 quid
1095 3722 1156 3788 iste
1177 3732 1305 3810 praeter

256 3855 334 3923 opes
356 3833 581 3925 dilapidandas
611 3835 723 3904 didicit
732 3831 759 3902 ‘t’
800 3861 881 3927 quas
911 3839 1182 3928 interrogationes
1213 3843 1304 3910 nidos
