2970 4484
322 335 371 382 tlt
519 331 596 384 vnn
631 331 678 383 ult
696 329 857 384 CAESARE
874 331 921 384 ΕΤ
941 329 1171 384 ῦΔΕΒΔΒΙΔΝΙΒ

320 497 489 584 proposuit
510 498 551 565 ab
569 496 714 584 Hauptio
736 507 769 563 at
784 496 907 584 Hsysio
922 497 1133 585 adprobatam
1147 506 1182 563 et
1196 507 1374 584 receptam.

322 637 386 702 qua
413 614 638 680 emendatione
666 613 717 680 uir
746 615 941 680 clarissimus
969 613 1125 701 adgnouit
1149 623 1183 680 et
1213 613 1375 680 concessit

321 741 450 818 poetam
467 753 531 797 nou
549 741 615 798 tam
632 731 665 796 in
684 731 871 798 uniuersum
885 732 926 798 dc
939 729 1104 796 adulteriis
1119 729 1209 796 breui
1225 743 1373 818 tempore

320 847 437 914 mirum
459 855 615 935 qnantum
638 869 772 914 numero
794 847 896 914 auctis
917 847 1007 934 loqui
1022 868 1118 933 quam
1136 857 1257 912 certum
1273 869 1374 933 quan·

322 964 393 1031 dam
416 963 570 1030 feminam
592 973 780 1051 comumque
800 987 858 1052 par
873 963 1090 1030 adulterorum
1107 963 1140 1028 in
1152 962 1216 1028 hoc
1229 963 1374 1030 carmine

321 1081 483 1148 cauillari:
499 1081 532 1146 id
543 1080 630 1168 quod
640 1080 761 1149 Catulli
775 1081 1013 1170 ingenioatque
1027 1079 1251 1147 consuetudini
1267 1103 1288 1146 a
1302 1103 1374 1146 sen-

321 1199 430 1266 tentiis
452 1197 657 1284 generalibus
680 1207 712 1264 et
732 1198 829 1264 nudis
842 1199 938 1267 ualde
952 1197 1138 1265 abhorrenti
1154 1198 1247 1263 unice
1259 1209 1374 1285 aptum

321 1325 380 1382 ost.
424 1313 481 1380 sed
505 1315 633 1402 singula
654 1315 840 1381 adcuratius
861 1315 1107 1404 perpendamus.
1137 1303 1244 1396 ‘olim'‚
1265 1315 1376 1402 inquit

320 1441 433 1519 poeta,
455 1425 603 1497 ‘adulteri
625 1431 688 1498 duo
711 1455 785 1498 cum
806 1430 957 1498 Maecilio
977 1453 1045 1498 rem
1066 1431 1230 1500 hebebant
1250 1457 1259 1500 z
1278 1431 1374 1518 flagi-

319 1547 401 1614 tium
422 1557 472 1614 sat
493 1569 595 1634 graue
616 1571 625 1614 r
646 1547 703 1613 sed
724 1547 803 1634 quid
822 1570 908 1613 nuno
921 1547 1076 1632 dicamus,
1098 1571 1170 1614 cum
1184 1570 1250 1614 non
1265 1547 1373 1614 solum

320 1665 401 1732 duos
431 1666 511 1731 istos
540 1665 597 1732 sed
629 1674 797 1754 practerea
830 1665 1080 1732 innumerabiles
1111 1663 1190 1732 alios
1222 1687 1297 1730 cum
1331 1687 1374 1730 ca

319 1782 501 1849 adulterare
524 1777 689 1850 uidemus‘.
732 1781 852 1849 etenim
873 1783 953 1850 haec
973 1781 1042 1850 fere
1056 1781 1203 1850 Catullus
1217 1783 1251 1846 in
1272 1803 1373 1848 namu

318 1900 415 1966 tertio
437 1899 516 1966 dicit

518 2089 696 2143 manserunt
721 2078 781 2143 duo
808 2100 818 2141 .·
847 2077 901 2141 scd
928 2086 1085 2142 metuunt
1111 2075 1193 2140 melia
1219 2079 1250 2140 in
1276 2097 1371 2140 unum

568 2197 703 2283 cinqulo.

318 2381 494 2436 momorum
514 2369 574 2436 duo
594 2368 626 2436 h.
648 2391 677 2436 a.
699 2391 771 2436 cum
786 2367 938 2436 Maecilio
951 2368 1113 2434 moechari
1126 2367 1224 2434 hodio
1237 2388 1371 2458 quoque

317 2486 436 2570 solent,
458 2487 600 2554 sednon
622 2485 710 2552 soli:
738 2507 892 2552 numerus
914 2485 997 2552 onim
1020 2483 1189 2552 Maeciliae
1210 2484 1372 2552 adultero-

317 2624 390 2668 rum
419 2604 523 2670 creuit
548 2612 582 2670 et
610 2602 690 2669 adeo
721 2602 851 2688 quidem
878 2601 981 2668 creuit
1006 2611 1043 2667 ut
1069 2601 1166 2667 hodie
1194 2603 1259 2668 duo
1281 2603 1371 2669 milia

318 2729 540 2804 numerentur,
559 2719 652 2809 quasi
664 2721 697 2785 in
710 2721 849 2786 alterum
863 2729 1035 2807 utrumque
1049 2719 1134 2784 milla
1146 2719 1372 2786 adulterorum

317 2837 524 2904 succreuorit.
554 2846 587 2903 at
597 2837 683 2904 unde
697 2837 742 2904 illi
753 2837 913 2904 canuerint
924 2859 982 2904 nos
995 2837 1242 2924 interrogamus.
1271 2847 1370 2924 poeta

318 2953 494 3042 respondet
519 2955 686 3038 secundeum
713 2978 814 3020 samm
841 2954 996 3022 adnuere
1017 2977 1026 3020 r
1046 2955 1156 3041 itaque
1184 2953 1231 3020 uti
1257 2955 1371 3042 planta

318 3073 441 3138 semiue
462 3093 521 3140 suo
543 3081 728 3156 excrescat,
760 3072 807 3136 ita
828 3071 990 3138 adulteros
1012 3095 1054 3139 ax
1074 3069 1225 3138 adulterii
1245 3073 1369 3138 semine

316 3191 468 3256 creuisse.
516 3189 712 3256 adulterium
740 3197 850 3255 autem
883 3188 1021 3276 duplex,
1053 3189 1143 3255 ouius
1172 3211 1215 3256 ox
1245 3190 1368 3256 semina

317 3306 536 3373 adulterorum
560 3306 733 3373 duomilia
755 3305 1079 3394 progerminauerint,
1099 3305 1179 3372 illud
1200 3329 1220 3370 a
1240 3305 1369 3372 duobus

315 3421 377 3490 illis
406 3445 478 3489 cum
501 3422 651 3490 Maecilio
673 3421 850 3490 exercitum
877 3422 1003 3489 fumas:
1028 3445 1092 3512 quo
1121 3433 1307 3510 corruptam
1336 3432 1370 3488 et

317 3539 503 3606 libidinibus
537 3539 660 3628 inpuris
690 3538 848 3606 initiatam
877 3539 1044 3605 mulierem
1074 3540 1139 3605 iam
1172 3539 1303 3605 cuilibet
1334 3563 1368 3606 se

318 3657 522 3745 prostituere.
556 3657 647 3741 hoec,
668 3655 729 3722 nisi
739 3657 845 3740 'fallor‚
868 3657 1020 3722 carminis
1033 3657 1133 3723 totins
1147 3657 1230 3722 ratio
1246 3680 1284 3723 ac
1298 3679 1367 3723 scn-

315 3775 421 3842 tentia
452 3783 510 3840 eat
552 3785 585 3839 at
612 3774 659 3840 illi
687 3775 751 3840 duo
779 3774 917 3840 adulteri
951 3775 1082 3861 quinam
1113 3773 1273 3841 filerunt?
1315 3775 1367 3840 oui

315 3889 562 3978 interrogationi
593 3892 672 3980 quid
698 3891 958 3980 respondendnm
985 3893 1028 3959 sit
1056 3891 1189 3960 dubium
1217 3911 1290 3958 esso
1313 3913 1367 3959 ne
