2954 4492
432 355 458 408 V
491 355 540 410 nu
558 353 737 410 senumve
755 355 911 410 curvum
1146 357 1195 410 129

141 525 305 612 temporis
331 523 478 588 rationes
508 523 705 607 omittimus,
747 531 919 611 praeterea
947 521 1118 610 probabile
1149 521 1196 606 fit,

143 643 171 707 si
194 642 236 708 ad
257 639 414 707 mandata
434 637 534 706 Furio
558 648 591 706 et
604 639 740 708 Aurelio
753 662 774 706 s
786 649 883 728 poeta
905 638 981 706 data
1002 638 1197 726 respicimus.

147 757 228 848 quid
249 756 335 824 enim
357 767 406 824 est
429 757 515 847 quod
537 755 754 825 contineant?
786 755 935 825 Catullus
955 756 990 822 in
1009 765 1198 844 perpetuum

145 874 290 942 Lesbiae
312 897 454 942 amorem
475 874 648 942 renuntiat.
691 883 726 940 at
757 895 815 940 cur
842 883 940 963 poeta
965 872 999 938 id
1029 872 1131 962 quod,
1162 882 1199 940 ut

147 989 305 1074 uidimus,
338 989 553 1079 iampridem
582 991 659 1058 feeit
689 991 806 1058 iterum
835 990 942 1056 facere
963 988 1099 1056 uoluit?
1140 1011 1198 1056 cur

147 1107 251 1174 Furio
288 1117 322 1174 et
355 1105 505 1190 Aurelio,
542 1107 727 1176 bominibus
769 1131 788 1174 a
822 1128 857 1173 se
895 1105 1073 1194 despectis,
1110 1129 1198 1174 man-

148 1225 240 1292 dauit
260 1224 348 1293 illei
389 1235 426 1292 ut
456 1224 602 1292 breuiter
633 1224 754 1307 dicam,
787 1220 902 1291 Clodia
931 1232 1001 1289 tum
1030 1222 1197 1292 Catullum

147 1365 209 1432 per
227 1341 338 1409 nescio
360 1363 441 1430 quos
454 1341 604 1430 precibus
626 1340 743 1408 adiisse
761 1339 899 1423 uidetur,
921 1349 958 1406 ut
972 1341 1041 1407 eius
1057 1340 1196 1427 gratiam

147 1469 182 1526 et
209 1479 353 1526 amorem
382 1457 437 1524 diu
468 1456 688 1524 intermissum
715 1457 913 1545 recipersret
933 1479 941 1522 ε
962 1457 1018 1524 sed
1048 1468 1196 1545 aposta,

147 1575 204 1664 qui
224 1584 408 1664 temporum
438 1575 583 1664 priorum
611 1573 775 1640 doloribus
801 1574 991 1663 prudentior
1019 1582 1052 1640 et
1073 1575 1197 1640 cautior

145 1693 253 1760 hctus
274 1701 354 1778 erat
373 1692 457 1758 nihil
469 1690 531 1758 nisi
545 1691 707 1780 repulsam
722 1690 872 1758 acerbam
886 1690 1076 1779 reportauit,
1099 1713 1196 1779 quam

147 1809 298 1878 Catullus
318 1819 357 1876 ut
378 1819 597 1900 contemptum
621 1831 715 1876 suum
741 1808 846 1897 magis
864 1809 1006 1899 aperiret
1026 1829 1083 1895 per
1104 1808 1196 1875 miso-

145 1949 220 1994 rum
240 1927 370 1994 illorum
390 1927 657 1994 homunculorum
677 1949 738 2015 par
751 1928 845 1994 finxit
864 1927 912 1994 illi
933 1949 967 1994 se
987 1927 1195 2016 significasse.

229 2045 325 2112 Haec
344 2046 414 2111 fere
433 2044 604 2111 habuimus
626 2065 709 2133 qnae
731 2044 771 2110 de
792 2043 987 2111 carminibus
1009 2044 1050 2112 ad
1072 2043 1195 2113 Catulli

144 2169 180 2228 et
200 2159 340 2228 Lesbiae
360 2183 486 2228 amores
500 2160 677 2228 referendis
697 2183 941 2250 exponeremus.
963 2163 1124 2252 reliquum
1146 2171 1195 2230 est

144 2289 184 2346 ut
204 2301 307 2346 annos
328 2278 514 2347 adcuratius
543 2279 734 2346 definiamus
762 2301 821 2368 per
850 2301 931 2369 quos
952 2279 1007 2346 ille
1027 2301 1119 2347 amor
1139 2279 1192 2345 du·

142 2397 243 2464 rauit.
286 2397 459 2484 praecipue
487 2396 527 2462 de
552 2418 638 2462 auno
660 2418 724 2486 quo
747 2393 894 2463 Catullus
915 2395 1062 2465 Clodiam
1084 2417 1194 2462 amare

144 2515 257 2603 coepit
276 2523 311 2580 et
331 2511 372 2578 de
392 2535 479 2579 anno
500 2535 564 2602 quo
578 2513 693 2580 foedus
714 2523 808 2602 turpe
828 2513 1001 2603 interrupit
1022 2513 1194 2602 diligenter

142 2630 375 2721 inquirendum
406 2640 465 2698 est.
508 2640 541 2696 et
569 2631 610 2698 de
635 2630 726 2697 initio
747 2630 878 2718 quidem
897 2631 1035 2715 amoris,
1066 2640 1103 2696 ut
1128 2629 1194 2696 iam

143 2769 245 2838 supra
264 2770 298 2836 p.
318 2747 356 2812 'll
390 2747 550 2831 diximus,
582 2749 702 2816 seimus
730 2746 893 2833 Clodiam,
929 2771 1003 2814 cum
1031 2745 1194 2815 Catullum

141 2885 254 2933 amne
277 2865 444 2952 inciperet,
464 2864 529 2932 iam
552 2887 689 2932 uxorem
714 2864 756 2946 Q.
778 2865 902 2932 Metelli
924 2867 1025 2932 fuisse
1050 2875 1083 2931 et
1106 2866 1193 2932 bunc

143 2981 315 3049 Metellum
338 2981 435 3048 etiarn
449 2989 519 3048 tum
532 2982 665 3066 uixisse,
686 3003 759 3049 cnm
780 2982 844 3048 iam
860 2983 1020 3051 discordia
1034 2982 1194 3072 quaedam

144 3099 297 3187 quamuis
317 3119 422 3187 paruo
439 3097 524 3166 inter
545 3109 689 3166 amantes
711 3098 870 3166 extitisset
892 3099 947 3186 (cf.
965 3121 1065 3188 supra
1078 3122 1110 3188 p.
1125 3099 1193 3184 80).

144 3237 222 3282 cnm
241 3237 320 3282 uero
343 3217 473 3307 qnando
494 3215 646 3283 Metellus
669 3215 817 3285 Clodiam
845 3215 976 3284 duxerit
1005 3217 1193 3305 ignoremus

143 3333 223 3420 (boc
252 3334 357 3400 solum
393 3342 521 3402 constat
548 3333 661 3401 ambos
689 3355 719 3399 a.
746 3333 863 3413 uelles
891 3335 1047 3424 coniuges
1077 3334 1191 3419 risisse)

141 3451 301 3519 torminum
322 3473 383 3518 uos
403 3450 491 3539 fugit
511 3459 585 3518 ante
608 3472 704 3540 quem
727 3449 873 3518 Catullus
895 3451 1043 3519 Clodiam
1068 3471 1194 3518 amasse

143 3591 209 3636 noo
232 3578 351 3658 potest.
395 3579 510 3636 contro
537 3566 614 3635 inde
643 3568 729 3659 quod
751 3567 899 3636 Metellus
920 3592 1005 3636 anno
1026 3569 1144 3648 oeulos
1158 3570 1191 3654 *)

210 3843 322 3914 'lPost
344 3859 464 3897 mensem
488 3841 608 3910 Aprilem
633 3843 714 3896 huius
738 3845 801 3895 enni
822 3842 958 3896 Metellum
980 3849 1111 3896 mortuum
1133 3857 1193 3896 sus

140 3937 200 3992 inde
225 3940 400 3994 manifestum
426 3941 468 3990 est
493 3939 563 4004 quod
591 3935 661 3988 inter
686 3941 820 3990 senatores
852 3937 903 3988 tuit
924 3937 971 4004 qui
995 3937 1024 3990 in
1049 3935 1136 4003 legem
1162 3933 1195 3986 de

973 4021 995 4086 9
