2900 4478
318 287 382 355 15⁰
615 305 1034 364 numme-nummu

426 515 505 560 sana
527 501 627 560 esset:
650 513 739 559 niuno
760 493 847 577 quod
867 495 984 579 gannit
1005 503 1039 561 et
1060 496 1271 581 obloquitur,

341 617 361 680 5
384 635 449 679 non
471 614 579 680 solum
594 613 754 690 meminit,
777 614 844 694 sed,
866 635 950 697 quae
964 615 1073 680 multo
1088 618 1202 683 aomos·
1218 625 1272 684 est
1286 639 1342 692 ros,

429 735 514 800 irata
535 743 598 800 ost:
622 732 683 798 hoo
706 743 764 812 ost,
789 735 897 800 uritur
918 747 952 800 et
973 736 1133 818 coquitur.

725 987 930 1058 LXXXIIII

386 1127 588 1227 iibommoda
610 1158 745 1238 dicebat,
768 1161 796 1225 si
818 1159 949 1242 quando
971 1160 1143 1227 commoda
1168 1163 1277 1229 uellet

427 1280 540 1356 dicero,
564 1289 596 1344 et
618 1279 755 1345 insidias
779 1279 896 1345 Arrius
919 1278 1091 1358 binsidius,

384 1406 417 1464 ot
439 1407 510 1463 tum
532 1397 670 1463 mirifice
692 1397 845 1481 sperabat
869 1417 905 1462 so
926 1419 1000 1464 esse
1021 1398 1173 1466 locutum

428 1539 504 1584 oum
526 1524 687 1600 quantum
709 1526 837 1602 poterat
858 1518 987 1585 dixerat
1008 1518 1179 1586 binsidias.

341 1637 490 1714 beredo,
513 1639 560 1702 sic
581 1645 698 1716 mater,
722 1638 771 1704 sie
793 1637 895 1703 Liber
916 1638 1102 1703 autunoulus
1125 1639 1209 1718 eius,

426 1757 473 1822 sic
495 1765 665 1822 maternus
688 1779 771 1823 auus
794 1757 923 1823 dixerat
944 1763 1043 1840 atque
1065 1758 1151 1823 auia.

387 1874 448 1942 hoo
469 1877 570 1941 misso
592 1876 626 1939 in
650 1873 782 1961 Syriam
804 1877 994 1959 requierant
1015 1876 1169 1942 omnibus
1193 1897 1303 1943 aures:

320 2113 337 2163 4
354 2111 438 2164 Samia
457 2112 469 2178 Η
484 2111 501 2164 6
518 2113 628 2180 loquitur
643 2114 655 2180 ΙΙ
673 2113 819 2166 LXXXIII!
840 2115 850 2166 1
871 2115 1007 2168 Commoda
1023 2113 1035 2184 ΙΙ
1052 2115 1069 2165 2
1086 2115 1167 2166 arrius
1185 2115 1291 2168 insidias
1307 2115 1336 2164 ba

322 2201 371 2262 (oo
388 2198 468 2250 arrius
485 2199 518 2251 bo
535 2199 676 2264 insidiast)
696 2200 707 2268 Η
729 2201 746 2252 3
763 2211 786 2250 et
801 2202 820 2252 4
833 2211 890 2267 post
910 2201 941 2253 10
958 2201 1075 2252 conlocuti
1096 2201 1108 2268 ΙΙ
1130 2201 1147 2251 4
1165 2203 1272 2254 iusidias
1290 2201 1302 2268 ΙΙ
1319 2200 1334 2248 5

320 2283 374 2335 cius
392 2291 430 2334 est
449 2284 460 2351 ΙΙ
480 2283 496 2334 ’1
515 2285 563 2336 uic
582 2285 594 2351 ΙΙ
614 2285 681 2352 syria

321 2481 416 2524 sentent.
435 2481 537 2522 mucce.
557 2469 638 2520 Goon
656 2470 730 2522 1860
743 2488 769 2536 p.
788 2471 807 2520 3
909 2471 926 2520 4
943 2470 1009 2537 qued
1027 2487 1091 2522 nune
1110 2463 1153 2546 βω
1260 2468 1335 2538 garrit

322 2549 365 2633 βω
455 2555 593 2607 olnccnsa
611 2555 745 2607 Pleitusrus
760 2572 844 2620 propr.
862 2555 922 2620 spir.
940 2574 964 2608 o.
984 2555 1052 2606 1848
1066 2573 1092 2620 p.
1112 2555 1128 2605 8
1224 2555 1333 2622 coquitur

321 2639 420 2706 Lipsius
432 2639 473 2704 (gs.
487 2640 647 2705 Dousoefiiii
657 2649 725 2690 uotae
737 2641 762 2690 in
777 2637 863 2690 Camil.
874 2657 901 2705 p.
914 2641 967 2690 551
978 2639 1014 2691 ed.
1031 2642 1126 2707 muas.)
1144 2641 1213 2692 Lru‘:
1229 2639 1334 2708 loquitur

330 2723 353 2772 V
372 2744 397 2781 ω
416 2725 462 2775 Lm

388 2825 534 2878 Lxxxlltl
551 2825 605 2876 Hoc
623 2843 716 2878 carmen
738 2825 900 2884 Quintilianus
919 2827 991 2878 instit.
1011 2837 1073 2878 oret
1091 2825 1141 2878 15
1159 2827 1210 2890 20,
1235 2827 1261 2877 id
1276 2821 1333 2890 quod

316 2913 409 2978 primos
432 2909 593 2960 APolitionos
616 2909 714 2961 miscell.
735 2929 788 2976 cop.
808 2907 931 2960 XVIIII
948 2909 1017 2963 Grrst.
1038 2911 1108 2976 hiup.
1126 2911 1146 2961 Ι
1161 2911 1200 2962 32
1218 2907 1332 2961 inretiat.

321 2999 383 3048 bisce
400 2995 504 3062 respexit
521 2996 611 3046 rterbis:
629 2996 653 3048 Η
671 2995 771 3047 litteras
789 2996 853 3047 ratio
871 3003 965 3047 mutata
983 3012 1038 3047 cum
1057 2996 1211 3062 temporibus
1230 3003 1268 3048 cst
1280 3009 1330 3044 sac·

320 3083 384 3151 pius.
419 3081 563 3148 parcissime
581 3098 612 3133 sa
629 3089 729 3132 ueteres
746 3080 784 3131 usi
803 3079 879 3131 otiam
898 3081 923 3130 iu
941 3079 1081 3141 conalibus,
1105 3097 1161 3131 cum
1183 3081 1277 3131 aedos
1293 3077 1330 3126 ir·

321 3185 427 3233 cosque
446 3167 573 3226 dicebaut,
597 3166 639 3217 diu
661 3166 753 3216 deiude
775 3174 901 3217 seruatum
924 3181 955 3216 ne
979 3166 1172 3217 consonantibus
1190 3165 1329 3232 aspirarent

323 3253 393 3303 utin
412 3251 543 3302 Graecia
561 3258 588 3302 ct
605 3249 630 3301 in
648 3249 812 3318 triumpis:
841 3251 924 3317 erupit
945 3251 1017 3302 broni
1033 3258 1146 3317 tempora
1162 3251 1252 3302 nimius
1269 3263 1331 3303 nsua

322 3345 351 3388 ut
376 3335 529 3388 chorouae
555 3335 784 3386 oheuturicnas
810 3335 1003 3402 praechones
1026 3335 1107 3386 adbuc
1127 3335 1275 3400 quibusdum
1296 3331 1330 3382 in·

322 3421 499 3492 scriptionibus
516 3427 640 3482 mauasnt,
658 3420 756 3486 quade
774 3437 802 3471 rc
820 3419 914 3472 Catulli
931 3419 1015 3472 nobile
1034 3419 1188 3488 epigramma
1205 3426 1245 3469 est

321 3507 350 3558 ds
372 3505 554 3570 transpositione
577 3521 685 3554 cerasum
702 3504 718 3554 3
736 3512 759 3553 ct
775 3506 791 3553 4
809 3505 839 3568 ps.
862 3503 968 3569 Hoaptii
988 3521 1028 3568 qu.
1051 3503 1088 3555 40
1108 3499 1330 3568 stm.qu.1195

422 3592 439 3642 5
457 3591 494 3642 sic
511 3589 602 3654 biber]
625 3588 660 3640 sic
682 3587 745 3640 libor
768 3587 924 3639 Passeratius
943 3588 1057 3654 praetera
1083 3588 1117 3640 75
1140 3589 1176 3640 sic
1193 3589 1248 3640 ibor
1266 3583 1330 3634 Mor·

321 3674 397 3736 cilius,
415 3674 479 3738 quod
492 3671 651 3724 commendaui
661 3691 700 3738 qu.
712 3671 795 3723 1329
807 3673 843 3724 sie
856 3673 958 3725 Cimber
969 3671 1084 3724 Heinsius
1153 3673 1169 3724 6
1181 3672 1273 3723 dixerit
1294 3661 1331 3746 βω

423 3758 513 3820 Credo,
531 3759 567 3808 sic
584 3758 682 3810 ruatber
699 3757 735 3809 sic
752 3757 829 3808 biber
846 3757 1002 3810 habuncolus
1020 3758 1054 3810 eii
1071 3767 1123 3818 sst,
1145 3757 1174 3808 si
1193 3756 1330 3810 mstbsruus

320 3844 401 3894 banus
425 3841 515 3892 dixerit
536 3848 611 3906 atque
633 3841 707 3894 bunia
729 3839 854 3908 Melcuyer
876 3842 954 3908 spicil.
977 3841 1016 3893 32
1118 3841 1135 3893 ’1
1158 3843 1205 3908 (se
1227 3840 1275 3894 Hic
1300 3838 1331 3904 V)
