2950 4480
1132 323 1200 392 XV

181 531 237 597 fol.
261 529 412 598 XXXVr
431 531 556 597 finitur.
605 531 753 614 Heysius
776 531 825 616 (p.
848 529 930 616 285)
954 532 1001 596 cit
1023 532 1108 597 hono
1130 531 1199 599 edi·

181 653 305 717 tionem
335 671 378 717 ex
406 650 515 716 codice
544 651 751 718 laurentiano
778 651 826 736 pl.
854 649 1013 716 XXXIII
1041 650 1083 716 10
1109 651 1199 737 typis

181 770 379 854 descriptum
405 791 483 835 esso.

283 889 419 955 Praeter
448 890 550 955 libros
577 911 659 973 qnos
689 889 761 955 dixi
793 911 893 956 manu
927 891 1066 974 scriptos
1099 891 1198 956 etium

181 1009 263 1074 ulios
285 1028 423 1091 quorum
454 1009 635 1092 scripturae
662 1009 754 1093 prius
783 1008 824 1075 ab
847 1009 923 1074 aliis
945 1009 1100 1093 uolgatae
1123 1019 1201 1076 sunt

181 1127 380 1212 aliquotiens
407 1128 441 1192 in
469 1149 567 1194 usum
596 1129 776 1210 uoouui³⁸t
822 1135 855 1194 ot
877 1127 1044 1193 rarissime
1066 1127 1199 1210 quidem

181 1265 331 1312 conssum
353 1246 455 1312 habui
477 1245 556 1311 libri
577 1245 825 1326 dresdensis,
848 1248 942 1314 cuius
965 1247 1200 1332 discrepantias

183 1365 336 1452 Silligius
368 1366 403 1431 in
437 1365 581 1431 editione
613 1387 674 1431 suu
709 1365 876 1442 enotouit,
913 1365 1199 1445 commemorandi,

180 1484 296 1551 itidem
318 1486 487 1551 rerissImo
509 1485 709 1550 mentionem
733 1485 794 1550 feci
815 1485 975 1551 librorum
997 1486 1200 1570 parisino-

180 1626 266 1671 rum
286 1603 372 1670 8236
394 1605 486 1689 (olim
508 1603 680 1687 furiani)
704 1603 789 1671 7990
800 1602 885 1669 8232
901 1605 994 1690 (olim
1010 1605 1200 1688 puteani),

181 1745 263 1808 quos
274 1745 350 1790 cum
358 1723 562 1790 Rossbachio
574 1725 828 1790 uouemus
841 1722 1022 1808 designem.
1045 1729 1201 1807 quattuor

184 1843 274 1909 enim
297 1843 374 1910 libri
396 1843 431 1908 hi
454 1851 533 1909 sunt
554 1863 572 1908 e
594 1863 731 1909 numero
753 1842 900 1927 grauiter
915 1841 1200 1926 interpolatorum.

181 1965 375 2043 P20t1u,
397 1963 503 2048 magis
525 1971 636 2028 tamen
658 1964 726 2041 P2,
754 1981 830 2030 curn
847 1987 873 2048 p
896 1963 1017 2028 mirum
1041 1971 1201 2047 quantum

182 2083 399 2150 consentiunt
436 2083 567 2166 saepius
589 2083 842 2149 commemoraui
864 2083 1094 2168 parisinum
1117 2078 1202 2148 7989

182 2205 264 2285 (Pl),
276 2203 332 2286 qui
343 2209 476 2288 propter
486 2201 644 2268 lectiones
652 2202 804 2284 antiquos
812 2202 1000 2269 utnonieios
1009 2223 1090 2286 ques
1099 2201 1199 2269 simul

181 2319 317 2405 praebet
339 2319 480 2405 quodum
502 2320 600 2386 modo
623 2339 699 2388 curn
714 2320 834 2387 detono
854 2323 1024 2407 cooperari
1039 2327 1201 2408 potesffl).

182 2439 224 2507 sd
246 2441 400 2507 lectiones
422 2440 583 2511 librorum
605 2441 836 2508 FuP2PtcPI
857 2441 1099 2527 cognoscendas
1120 2463 1201 2510 usus

183 2583 259 2628 sum
280 2563 442 2646 excerptis
465 2583 485 2626 s
507 2557 640 2645 Stiligio
662 2560 703 2626 od
725 2581 820 2626 susm
848 2561 1028 2627 editionem
1049 2562 1146 2629 fectis
1168 2569 1204 2630 et

183 2679 430 2747 eRossbcchio
451 2681 484 2744 in
507 2701 615 2764 progr.
644 2680 771 2746 urntisl.
799 2701 827 2745 e
851 2679 934 2746 1859
955 2679 1111 2766 uolgatis.
1154 2681 1203 2748 ibi

184 2823 260 2870 eum
282 2820 347 2866 non
370 2802 452 2868 satis
474 2799 649 2885 diligenter
671 2801 828 2868 lectiones
851 2807 1000 2866 enotatas
1022 2801 1102 2881 sint,
1129 2802 1204 2869 ocni

185 2921 331 3005 nequid
353 2941 395 2986 ex
417 2921 548 2985 silentio
569 2919 776 3005 conligerem.
811 2929 979 3005 praetores
1001 2921 1106 2988 sicubi
1128 2942 1146 2987 e
1167 2942 1203 2989 re

181 3061 254 3107 esse
275 3039 466 3118 uidebatur,
495 3039 592 3105 attuli
619 3039 799 3122 scripturos
826 3039 976 3106 codicum
998 3041 1203 3106 cuiociuni

182 3160 261 3246 (Oc)
284 3179 304 3224 e
325 3155 496 3244 SceIIgoro
516 3159 726 3241 usurpatio),
754 3157 873 3223 dmnde
895 3159 1152 3225 laurentiani
1172 3171 1202 3226 'o

183 3273 267 3346 145?
289 3277 335 3364 pl.
358 3276 518 3344 XXXIII
541 3277 725 3363 12(1r)et
746 3277 993 3344 ricosrdiuni
1015 3278 1060 3363 pl.
1082 3277 1113 3344 L
1133 3279 1202 3346 ord.

180 3399 203 3465 4
225 3398 292 3466 eod.
316 3399 360 3466 28
381 3400 475 3486 (Rc),
499 3417 582 3483 quus
609 3397 846 3465 Lechmennus
874 3397 1203 3482 commemorauitfl),

185 3627 250 3682 1081
354 3625 389 3678 88
405 3624 527 3678 lectiones
543 3623 663 3676 librorum
682 3639 731 3675 non
748 3639 796 3692 por
812 3629 891 3676 totum
907 3619 1032 3676 Ccmlium
1050 3621 1203 3676 conlatorem

183 3713 229 3767 scd
247 3711 351 3779 singulis
369 3718 465 3763 uotum
482 3709 544 3762 Iocis
561 3717 808 3762 commemoratorum
826 3707 895 3760 uncis
913 3707 1042 3775 quadratis
1061 3706 1093 3776 []
1111 3708 1137 3759 in
1155 3725 1202 3776 sp·

183 3797 291 3868 pendios
313 3797 396 3866 scepei
532 3795 567 3848 39
588 3794 702 3862 exposuit
724 3794 756 3845 ds
778 3809 809 3846 so
831 3801 948 3847 morose
974 3792 1144 3844 Buocholorus
1170 3791 1203 3844 sd

182 3882 332 3941 Petronium
349 3899 377 3952 p.
394 3879 457 3934 xvl
555 3879 591 3932 40
607 3880 638 3932 cf.
657 3895 699 3948 qu.
716 3879 730 3933 1
749 3879 780 3931 19
876 3879 908 3932 41
928 3877 961 3936 cf.
979 3895 1043 3947 quse
1060 3877 1093 3931 de
1110 3877 1202 3929 riccer-
