3002 4490
375 327 427 381 ΧΠ
460 329 509 382 ΠΕ
527 327 634 384 ciuus
653 327 856 382 uousuusto
874 328 1028 382 rsuvsto
1181 332 1230 383 285

184 493 282 560 dendi
303 494 427 560 ratione
449 495 662 582 proficimus?
684 496 717 560 si·
733 494 811 584 quid
826 494 931 578 uideo,
951 515 993 560 ex
1008 494 1150 560 oermine
1165 517 1231 561 uno

183 610 254 676 loco
275 625 428 699 corrupto
449 611 513 678 duo
536 612 776 678 constituuntur
797 611 939 678 carmina
959 633 1096 698 quorum
1111 625 1231 678 utrum·

184 749 248 815 que
268 728 457 794 mendosum
480 738 538 794 est.
582 751 622 794 ne
653 729 815 815 longiores
837 727 952 811 simus,
974 739 1047 793 octo
1069 727 1140 793 illos
1161 751 1232 795 uer·

184 865 248 928 sus,
280 843 340 910 etsi
366 845 454 910 mdis
484 855 517 910 et
543 845 681 932 inperite
702 845 877 933 conpositio
900 843 1049 910 carminis
1071 847 1231 910 neminem

184 961 299 1048 fugere
321 971 444 1048 potest,
471 981 531 1049 per
552 983 586 1027 se
616 971 702 1028 sture
731 983 825 1048 posse
852 961 1075 1028 concedemus.
1118 983 1232 1027 uerum

186 1077 263 1165 quid
286 1078 387 1142 altero
409 1077 463 1142 illo
486 1077 626 1144 carmine
641 1077 795 1145 faciemus
809 1078 896 1165 quod
911 1101 952 1144 ex
966 1078 1101 1145 disticho
1117 1080 1231 1166 quinto

184 1195 280 1260 unico
301 1190 368 1259 fit?
386 1176 392 1188 ⁸
410 1203 602 1281 putemusne
623 1196 683 1261 hoc
706 1216 776 1260 esse
797 1196 980 1262 obsoletum
1002 1195 1231 1283 epigrsmme‘?

185 1311 247 1376 hoc
267 1331 353 1398 nego
374 1321 472 1399 atque
492 1333 645 1398 pernego.
686 1310 848 1379 Catullum
865 1313 898 1378 in
913 1335 1010 1378 uersu
1030 1334 1116 1378 nono
1131 1335 1232 1400 parua

185 1437 392 1493 monuments
423 1449 692 1494 commemorasse
721 1429 814 1494 amici
844 1429 1010 1495 cuiusdam
1038 1429 1087 1494 sui
1108 1439 1230 1494 certum

185 1554 235 1610 est
262 1543 395 1630 (nullius
422 1545 535 1631 pretii,
568 1546 628 1610 etsi
649 1543 825 1612 Merkelius
848 1545 889 1611 sd
910 1545 982 1611 Ibin
1003 1568 1035 1633 p.
1056 1545 1118 1610 366
1140 1545 1233 1613 aliter

185 1659 356 1741 iudicauit,
378 1662 636 1749 supplementum
658 1663 774 1728 uteru
795 1672 861 1744 est,
891 1663 976 1750 quod
998 1659 1232 1748 interpolatori·
1305 1733 1309 1744 ,

186 1777 246 1844 bus
266 1777 436 1862 debetur),
465 1799 562 1865 quem
588 1800 653 1866 quo
679 1755 777 1844 modo
803 1777 1022 1866 designuuerit
1042 1780 1230 1844 incertum:

185 1893 346 1962 Auentius
375 1896 409 1960 in
443 1895 507 1960 fine
536 1917 649 1962 uorsus
679 1895 798 1962 sodalis
828 1896 992 1983 Bergkius
1021 1896 1231 1984 (ephemerid.

185 2011 335 2077 scholast.
360 2011 441 2076 1835
466 2033 514 2077 nr.
536 2011 592 2094 et)
621 2020 654 2077 et
681 2011 824 2098 Heysius
851 2011 990 2078 Philotae
1010 2011 1232 2080 Rossbachius

185 2128 356 2194 Phorwclsb
382 2127 435 2193 ulii
465 2127 528 2195 slis
556 2127 782 2195 addiderunt:
809 2129 842 2194 in
872 2128 984 2196 ultimo
1012 2151 1108 2196 uersu
1137 2131 1232 2196 Anti·

185 2244 291 2310 machi
318 2253 427 2311 tumor
454 2255 732 2311 commemoretur.
774 2247 847 2332 quis
868 2243 922 2311 ille
943 2256 992 2312 est
1013 2247 1104 2312 cuius
1122 2267 1232 2312 monu-

185 2372 294 2428 ments
314 2384 416 2450 perus
438 2361 673 2428 nominantur?
716 2363 789 2450 quis
816 2360 869 2427 ille
892 2361 1135 2428 Antimachus?
1169 2362 1232 2428 hoc

186 2499 228 2545 ex
249 2477 398 2546 carminis
419 2480 517 2545 totius
539 2478 698 2544 sententia
712 2487 925 2566 cognoscatur
939 2501 1072 2546 necesse
1088 2489 1145 2546 est
1176 2480 1233 2546 sed

186 2597 213 2664 si
235 2619 277 2662 ex
299 2598 369 2664 solo
391 2595 526 2663 disticho
546 2596 659 2683 quinto
682 2592 800 2662 Catulli
824 2617 953 2660 carmen
975 2593 1133 2677 constitit,
1154 2594 1233 2662 nihil

185 2713 219 2779 in
254 2713 394 2780 carmine
426 2724 476 2780 est
510 2711 595 2779 unde
628 2712 786 2778 discemus
818 2733 899 2800 quos
926 2708 1073 2778 Catullus
1105 2711 1231 2778 dixerit

187 2829 265 2918 quid
296 2829 426 2896 mults?
457 2828 601 2896 clausule
633 2829 873 2917 epigrammatis
908 2827 1043 2894 disticho
1077 2829 1131 2894 illo
1165 2827 1232 2895 offi-

186 2945 292 3031 citur,
335 2969 399 3012 non
435 2945 597 3035 integrum
627 2948 836 3035 epigramma„
889 2955 1010 3034 quanto
1049 2947 1163 3012 melius
1200 2955 1233 3011 et

186 3061 330 3151 pulcrius
352 3065 461 3130 omnia
481 3072 680 3149 congruunt,
703 3061 729 3128 si
751 3063 865 3148 quinto
887 3061 1024 3128 disticho
1048 3083 1121 3126 cum
1143 3081 1233 3149 prae-

185 3178 373 3246 cedentibus
394 3179 567 3245 coniuncto
589 3178 712 3261 uitium,
734 3201 799 3266 quo
821 3177 889 3244 sine
910 3175 1009 3244 dubio
1028 3199 1157 3244 carmen
1171 3177 1232 3244 hoc

185 3295 327 3378 laboret,
366 3318 432 3361 non
465 3297 498 3361 in
541 3293 678 3362 disticho
712 3295 846 3383 quinto,
887 3294 973 3383 quod
984 3342 994 3378 ,
1034 3294 1061 3361 si
1103 3315 1231 3360 sensum

186 3423 321 3502 spectes,
343 3423 380 3480 ut
400 3412 565 3500 Honptius
587 3413 756 3496 concessit,
777 3435 851 3478 oum
872 3411 1020 3499 proxime
1041 3410 1232 3478 anteceden-

185 3529 271 3596 tibus
313 3528 471 3596 artissime
505 3529 672 3606 cohaeret,
716 3529 949 3617 inuestigemus
982 3527 1040 3594 sed
1068 3527 1102 3594 in
1130 3527 1231 3596 altero

184 3647 321 3716 disticho
353 3647 609 3734 cognoscemus,
639 3644 728 3736 qnod
756 3647 789 3713 in
820 3645 901 3734 libro
931 3644 1106 3734 archetypo
1134 3667 1231 3733 quum

183 3763 268 3831 male
295 3763 438 3830 habitum
468 3763 511 3830 sit
540 3764 593 3830 uel
621 3772 823 3852 pentameter
851 3763 988 3830 emissus
1011 3761 1232 3829 demonstrare

183 3889 300 3969 potest,
326 3891 359 3948 et
376 3880 509 3948 carmini
530 3882 575 3948 its
596 3901 820 3946 succurramus
840 3889 877 3946 ut
897 3879 1074 3948 Hortensio
1097 3879 1232 3966 expulso
