2970 4484
286 315 336 364 228
485 311 563 364 vnn
597 312 644 364 DE
661 311 821 366 CAESARE
838 313 885 364 lm*
903 311 1130 364 assemanum

285 479 485 566 integrorum
520 478 662 546 amnium
695 479 882 546 Formsanus
911 479 1109 566 scripserunt
1138 488 1173 544 ct
1202 487 1337 566 praeter

285 595 440 683 Hsysium
464 619 575 663 omncs
597 597 637 662 ad
659 597 812 663 saltum
832 595 999 663 Mensulas
1013 596 1215 662 rettulerunt
1253 617 1333 684 quo-

283 737 355 780 rum
383 717 574 781 sententiam
602 713 738 781 Vossius
767 714 1043 799 (obseruationum
1059 737 1096 802 ·p.
1118 715 1193 798 341)
1223 714 1332 803 inpro-

282 831 372 900 bauit
392 856 400 896 :
421 835 503 920 quod
522 832 715 898 Romanos
741 831 846 920 inquit
866 832 975 918 fuerit
995 832 1178 916 Mamurra,
1201 833 1235 896 id
1253 831 1334 897 nuit

281 947 328 1016 ad
346 973 408 1015 rcm
430 950 525 1034 facit,
553 952 621 1016 acm
642 973 740 1036 supra
761 949 903 1035 (xxvnu)
927 949 1126 1016 Mamurram
1147 949 1330 1015 liberalitate

284 1067 431 1133 Caesaris
466 1083 655 1134 consecutam
688 1069 790 1151 fluisse
825 1068 945 1134 disserit
978 1069 1125 1154 qudquid
1159 1067 1272 1132 Gallia
1303 1079 1331 1130 ct

280 1187 454 1252 Britannia
468 1187 556 1252 uncti
567 1185 699 1268 haberet,
716 1199 749 1250 ut
762 1209 842 1271 opus
862 1209 921 1251 non
939 1190 977 1250 sit
989 1184 1121 1251 diuitias
1142 1185 1209 1250 eius
1229 1185 1333 1250 amali

281 1315 394 1368 tantum
416 1301 574 1368 includere
594 1305 663 1367 solo.
705 1311 819 1368 contre
839 1301 939 1368 multo
965 1302 1083 1367 rectius
1106 1300 1146 1366 de
1169 1301 1330 1368 sententia

281 1420 374 1486 huius
414 1442 528 1486 uersus
563 1419 712 1507 Scaliger
746 1417 953 1486 iudicausrat
1017 1418 1184 1484 Mamurra
1224 1417 1329 1504 inquit

281 1561 339 1602 uon
360 1537 525 1602 Firmanus
547 1541 602 1603 sed
620 1537 811 1603 Formianus
824 1538 913 1624 suit,
941 1559 1125 1624 quamquam
1153 1549 1180 1600 et
1200 1538 1328 1622 praedis

276 1657 376 1741 potuit
395 1653 507 1720 habere
527 1655 564 1720 irs
584 1679 658 1742 apro
673 1653 831 1720 Firmano.
867 1657 923 1720 sed
942 1657 994 1720 too
1009 1667 1086 1719 essct
1098 1659 1220 1740 nupari
1256 1677 1327 1718 nam

281 1795 353 1838 cum
382 1785 494 1839 constet
521 1774 656 1840 Formiis
691 1786 794 1838 nauem
823 1775 1034 1856 Mamurram,
1065 1795 1121 1836 cur
1150 1772 1249 1836 alium
1278 1772 1331 1836 illi

278 1891 442 1976 praedium
473 1903 526 1955 aut
557 1893 665 1957 sadrsm
700 1891 845 1956 dabimus
877 1903 905 1954 et
936 1913 1026 1954 snum
1057 1889 1101 1954 iili
1128 1888 1328 1974 auferamus?

280 2029 392 2074 uarum
414 2017 521 2074 tamon
542 2008 623 2074 haec
643 2007 790 2094 quaestio
812 2008 852 2073 de
874 2007 1041 2074 Mentulae
1066 2007 1147 2074 saltu
1174 2015 1230 2072 aut
1250 2008 1327 2073 For·

280 2125 387 2192 miano
404 2135 460 2191 aut
474 2123 627 2191 Firmano
642 2125 707 2190 iam
720 2123 799 2190 nihil
812 2123 855 2190 ad
869 2146 937 2207 nos,
961 2133 1074 2213 postca
1095 2146 1192 2212 quam
1214 2146 1326 2190 uersus

280 2241 320 2308 ds
342 2263 406 2330 quo
428 2241 628 2328 disputamus
655 2241 769 2307 uitium
796 2240 932 2307 alterum
955 2241 1198 2325 Lachmannus,
1231 2263 1326 2330 quem

280 2357 445 2446 Hauptius
460 2357 680 2425 Rossbachius
697 2356 839 2445 Heysius
859 2358 960 2425 secuti
982 2367 1066 2440 sunt,
1089 2356 1218 2424 sustulit
1239 2379 1326 2423 eum-

281 2499 345 2565 qus
371 2477 536 2543 uerissime
564 2477 610 2543 ita
638 2475 805 2542 constituit
835 2485 871 2540 ut
899 2498 1016 2542 noman
1038 2475 1136 2559 illud,
1169 2477 1238 2542 siue
1260 2475 1326 2540 Fir

278 2617 393 2661 monus
407 2595 476 2660 siue
491 2593 681 2660 Formrisnus
695 2592 835 2659 scribere
855 2593 969 2680 placet,
990 2614 1056 2658 non
1070 2603 1137 2659 tam
1153 2591 1194 2658 ad
1209 2593 1327 2658 saltum

279 2734 376 2801 quam
404 2713 447 2777 ad
475 2713 579 2801 ipsum
600 2710 830 2778 Mentulam
851 2711 1054 2777 referendum
1077 2709 1128 2778 sit.
1164 2721 1198 2776 at
1219 2721 1325 2776 utrum

278 2828 432 2896 libro'rum
455 2829 651 2895 sincerarum
674 2829 769 2895 lectio
792 2829 1009 2894 Firmanus
1030 2829 1170 2895 Mentula
1191 2852 1231 2895 an
1254 2851 1326 2895 eon-

278 2947 402 3014 iectura
424 2946 458 3010 F
460 2948 669 3012 ormionus
691 2946 830 3012 Mentula
851 2945 1024 3034 praestat?
1066 2968 1278 3034 quamquam,
1300 2947 1326 3011 si

279 3065 384 3134 obiter
404 3065 466 3132 loci
488 3087 616 3131 sensum
632 3063 883 3149 consideramus,
904 3063 999 3130 facilc
1015 3063 1231 3130 coniecturam
1247 3087 1325 3153 pras

278 3181 433 3250 librorum
469 3182 627 3270 scriptura
664 3180 804 3269 probare
835 3179 990 3263 uelimus,
1023 3201 1221 3269 quamquam
1255 3181 1325 3248 aliis

277 3300 373 3384 locis,
404 3299 507 3366 ueluti
543 3301 577 3364 in
606 3297 771 3365 Ciceronis
806 3297 1057 3384 Philippicarum
1078 3299 1175 3365 xnus
1197 3300 1255 3382 11,
1283 3297 1324 3363 ad

278 3441 373 3506 quem
408 3418 514 3483 locum
549 3416 764 3484 Garatonium
796 3416 960 3499 conferas,
994 3417 1093 3482 uerba
1126 3415 1324 3482 Firmianum

278 3546 311 3601 at
325 3535 520 3601 Formianum
543 3537 576 3601 in
597 3535 687 3600 libris
707 3557 804 3600 manu
820 3533 948 3622 scriptis
963 3535 1097 3600 confisos
1112 3543 1194 3618 sunt,
1217 3543 1324 3599 temen

277 3653 339 3718 hoc
357 3652 456 3740 recipi
471 3675 623 3719 numerus
639 3675 750 3718 uersus
772 3674 838 3717 non
860 3653 951 3736 sinit,
975 3652 1096 3740 quippo
1118 3653 1169 3718 oui
1184 3651 1326 3717 Formia-

277 3793 338 3836 nus
359 3770 596 3836 adcommodati
617 3779 765 3858 nequeat.
808 3793 884 3834 nam
905 3779 941 3836 ut
962 3769 1002 3834 da
1023 3767 1151 3836 Murato
1174 3778 1323 3836 censente

279 3909 394 3954 nomon
425 3887 610 3954 Formianos
640 3911 703 3954 non
740 3889 843 3954 solum
882 3887 1101 3954 ditrochaeum
1136 3887 1191 3953 sed
1227 3888 1323 3954 etiam
