2954 4492
423 375 446 426 V
479 377 527 428 DE
545 375 724 428 AMORlBVS
742 373 895 430 curvum
1132 378 1179 426 llll

146 539 285 610 (llodiem
307 543 383 610 iude
396 541 440 608 ab
454 551 599 610 extremo
621 564 706 608 enno
720 541 838 620 stulte
859 563 960 628 usque
982 541 1024 607 ed
1043 540 1186 607 medium

143 659 252 738 697167
266 663 440 728 enituisse.
475 659 550 728 iude
564 682 630 726 non
645 659 732 726 nullu
746 659 824 726 setis
839 659 953 746 grume
967 657 1184 746 conliguntur,

144 777 274 864 primum
295 789 371 845 ente
394 775 514 854 695169
534 776 698 845 Catullum
721 775 865 858 coepisse
887 773 1033 843 Olodiem
1054 797 1184 841 emere:

143 915 213 963 nem
233 919 275 962 ex
297 895 428 964 Ostullo
452 895 570 961 seimus
592 895 647 978 (cf.
670 914 767 981 supro
781 915 813 981 p.
828 891 884 977 86)
908 891 1055 960 Caelium
1073 902 1189 981 postue

143 1009 284 1080 Glodiem
306 1012 554 1079 ebulieneuisse.
598 1007 714 1077 deiude
739 1009 882 1076 carmine
902 1031 942 1075 ee
960 1010 995 1074 in
1016 1009 1135 1098 quibus
1150 1011 1190 1076 de

143 1127 248 1197 Coelio
281 1129 410 1196 semulo
444 1138 540 1217 poete
575 1128 722 1216 queritur
762 1149 845 1193 nuno
875 1127 993 1205 695l59
1025 1129 1077 1194 uel
1111 1126 1189 1194 duo·

142 1243 198 1312 bus
218 1247 440 1336 sequentibus,
462 1254 575 1312 contre
596 1266 635 1311 ee
655 1245 688 1310 in
709 1243 826 1332 quibus
840 1245 951 1311 laudes
965 1243 1103 1310 Lesbiae
1124 1267 1188 1310 non

142 1361 213 1428 dum
233 1363 381 1451 perfides
414 1363 620 1428 celebrantur
645 1372 720 1428 ente
747 1362 919 1428 terminum
948 1363 1039 1428 illum
1066 1361 1189 1449 scriptu

141 1501 215 1546 csse
259 1491 294 1546 st
309 1489 432 1570 quanto
447 1480 602 1568 temporis
623 1489 698 1546 ente
713 1478 884 1545 terminum
906 1479 996 1545 illum
1011 1479 1029 1543 ‘2
1071 1479 1112 1544 de
1127 1480 1189 1546 hec

139 1617 173 1662 re
192 1597 256 1663 nisi
277 1597 405 1665 incerte
430 1597 534 1664 conici
556 1620 621 1664 non
641 1607 786 1685 possunt.
828 1597 1100 1684 Iungcleusscuus
1123 1619 1189 1663 cer

139 1715 223 1778 mins
254 1735 342 1803 quse
370 1735 513 1780 eruorem
544 1713 629 1780 inter
657 1711 822 1782 Catullum
851 1722 885 1780 et
917 1712 1064 1781 Clodium
1091 1713 1187 1780 etism

139 1830 305 1919 uigentem
333 1839 494 1897 testentur
523 1831 662 1897 triennio
688 1832 775 1918 quod
803 1831 844 1898 sb
874 1854 903 1897 a.
935 1831 1053 1908 692l62
1083 1853 1187 1919 usque

138 1947 179 2013 sd
198 1947 411 2026 terreo-fuit
438 1947 615 2018 attribuit:
637 1948 694 2014 sed
715 1947 822 2015 uirum
841 1948 1062 2015 doctissimum
1082 1949 1188 2015 fateor

139 2065 216 2132 mibi
251 2065 387 2132 nimium
428 2065 539 2152 lergiri
578 2065 690 2132 uideri.
741 2064 925 2133 consideres
959 2065 1057 2132 uelim
1091 2089 1188 2153 quem

138 2203 242 2270 peuce
263 2181 387 2250 Catulli
416 2181 558 2248 carmina
579 2193 655 2248 sunt
675 2203 759 2270 quse
783 2183 960 2250 ementium
981 2185 1186 2250 concordiem

16 2331 17 2334 ¹
138 2308 170 2365 et
189 2299 440 2366 unanimitatem
462 2299 600 2388 spirent,
632 2301 763 2387 insuper
789 2299 865 2366 inde
893 2300 935 2368 ub
956 2300 1047 2367 initio
1068 2301 1186 2367 amoris

137 2411 304 2483 Catullum
322 2439 342 2482 a
362 2416 496 2499 Lesbis,
524 2415 558 2482 id
586 2417 673 2504 quod
700 2415 914 2483 certissimum
935 2428 985 2485 est
1006 2417 1063 2504 (cf.
1087 2439 1186 2505 supra

136 2553 166 2620 p.
186 2531 258 2618 69),
280 2534 420 2621 turpiter
440 2532 609 2622 deceptum
631 2555 701 2600 esse
721 2555 729 2598 τ
751 2533 866 2600 deinde
884 2533 958 2601 uide
979 2556 1100 2624 quaeso
1121 2533 1185 2602 ium

137 2671 220 2719 euno
233 2649 364 2735 694160,
380 2671 445 2739 quo
459 2649 626 2717 discidium
643 2649 729 2717 inter
742 2661 890 2718 ementes
905 2675 971 2718 non
986 2653 1063 2718 dum
1079 2663 1185 2718 ortum

138 2777 216 2852 eret,
239 2764 433 2835 Ciceronem
447 2767 484 2834 P.
501 2765 617 2834 Clodio
631 2767 791 2835 incestum
805 2791 879 2836 cum
899 2791 1010 2836 sorore
1027 2769 1186 2858 quadren-

137 2885 219 2953 turir
247 2884 372 2952 fectum
399 2885 433 2950 in
461 2884 632 2973 conloquio
661 2887 909 2974 exprobrauisse
931 2887 988 2974 (cf.
1009 2887 1052 2955 cd
1074 2889 1143 2956 Att.
1165 2911 1185 2954 u

139 3003 215 3088 15).
249 3002 360 3091 itaque
378 3001 550 3069 triennium
571 3002 674 3070 mulus
696 3005 853 3093 temporis
876 3007 1016 3093 spatium
1037 3005 1185 3071 duxerim

138 3141 236 3208 quum
257 3129 294 3186 ut
313 3117 435 3186 Lesbis
463 3119 618 3208 tantisper
646 3131 702 3188 sut
731 3120 894 3188 emelitiu
915 3131 948 3187 et
968 3123 1113 3213 nequitia
1132 3123 1184 3190 de·

137 3235 254 3303 cedere
268 3247 324 3302 aut
338 3235 503 3303 Catullum
517 3236 642 3325 flagitio
662 3259 720 3304 sue
741 3237 847 3304 celere
862 3239 1012 3327 potuerit.
1055 3261 1135 3327 crgo
1156 3240 1184 3306 si

137 3355 282 3420 onrmiue
307 3353 364 3420 ille
385 3375 469 3441 quae
490 3376 632 3421 umorem
652 3377 718 3421 non
740 3354 818 3422 dum
838 3355 1004 3423 turbatum
1025 3366 1184 3424 testentur

135 3467 268 3536 biennio
290 3493 318 3536 e
340 3469 455 3547 693161
480 3480 513 3536 et
534 3471 654 3548 694l60
674 3471 910 3562 edsiguuuero,
932 3469 1065 3563 propiui
1086 3497 1184 3564 quem

136 3585 428 3675 qugcleusscnum
450 3588 591 3654 arbitror
612 3588 781 3656 eduorum
800 3612 854 3656 me
876 3591 1059 3660 secessisse.
1079 3614 1184 3682 neque

136 3705 310 3792 quicquum
337 3705 371 3770 in
404 3705 486 3772 libro
522 3705 704 3780 Getulliuno
739 3707 822 3773 inest
857 3730 921 3796 quo
957 3708 1037 3776 beec
1071 3721 1184 3778 nostre

135 3822 298 3890 sententie
313 3821 485 3888 refelletur.
527 3844 722 3912 quemquam
735 3824 769 3889 in
786 3825 927 3891 carmine
941 3833 1054 3893 nxvul’
1067 3876 1076 3909 ,
1098 3827 1186 3913 quod

136 3938 200 4006 iem
221 3961 322 4028 supro
343 3941 392 4029 (p.
415 3939 470 4022 78)
497 3939 531 4006 iu
553 3939 691 4007 confinio
720 3941 838 4008 amoris
859 3942 984 4106 integri*
998 3952 1032 4008 et
1051 3941 1185 4024 discidii,
