3002 4490
280 323 330 373 804
657 321 721 374 xm
755 323 802 374 nn
820 321 944 376 esculo

281 486 395 554 Cilicis
415 487 452 554 P.
478 487 639 554 Volumnii
661 489 774 554 litteris
799 489 995 577 respondens
1016 488 1324 576 (cdfsm.vr1321)

280 609 339 670 tres
358 609 390 668 irs
411 605 515 670 literis
538 605 643 692 inquit
665 606 771 671 monio
787 605 863 670 milti
876 607 1065 691 paincuode
1077 605 1213 691 suerum
1230 631 1324 693 prae-

279 731 324 784 ter
343 719 420 786 illud
438 721 523 808 qnod
537 743 650 806 ponem
670 723 825 807 dslc’peeter
840 725 990 812 pore0sio
1004 727 1169 790 mdiorum
1184 746 1322 790 memoro

277 861 299 902 o
319 850 346 902 te
363 849 561 925 procuratore
583 838 763 923 defenditur.
807 845 855 906 oie
876 841 966 918 mon,
989 852 1020 905 ut
1040 863 1093 926 epo
1115 841 1322 924 discesserim,

278 957 382 1020 comio
401 958 534 1022 omnm
558 955 731 1038 dioto,'s'n
752 955 816 1022 liis
837 963 955 1022 etiam
976 954 1176 1037 Sestiana,
1210 963 1241 1024 in
1275 981 1322 1022 me

278 1072 425 1158 conferri.
468 1075 567 1160 quid?
594 1085 624 1136 tu
652 1074 685 1138 id
709 1075 854 1158 poteris?
883 1097 944 1140 non
976 1073 1229 1160 me*defersds'e?
1259 1097 1320 1142 non

277 1191 422 1255 resisus?
443 1189 530 1254 unde
544 1190 639 1277 plene
652 1189 848 1278 intellegitur
860 1201 979 1279 quentc
995 1211 1093 1279 opere
1103 1189 1217 1258 Cicero
1234 1190 1321 1280 quod

277 1307 337 1372 sibi
363 1305 426 1372 sint
455 1304 597 1374 Sesticni
626 1307 709 1372 seles
738 1308 900 1374 inuenusti
931 1309 1146 1398 inurbeniqne
1174 1309 1321 1375 attributi

276 1431 430 1510 gruunus
452 1423 501 1488 sit
543 1435 727 1511 praetereo,
759 1435 796 1490 ut
823 1426 992 1492 Ernestius
1022 1436 1110 1492 recte
1142 1426 1319 1508 udnoteuit,

277 1537 419 1606 Sestium
440 1540 578 1607 facetum
602 1540 704 1608 uideri
725 1541 865 1608 uoluisse
885 1566 926 1608 ex
947 1543 1085 1631 epistula
1106 1566 1127 1607 v
1148 1544 1178 1626 6,
1199 1543 1232 1609 in
1254 1565 1320 1631 qun

275 1657 401 1725 Tullius
428 1681 500 1726 curn
529 1681 565 1726 co
588 1660 732 1744 iocatur,
762 1661 880 1747 conligi
906 1671 1020 1749 potest.
1073 1661 1172 1728 multo
1205 1671 1319 1728 contre

275 1775 441 1842 dilucidius
465 1799 561 1866 quem
582 1779 616 1842 in
637 1777 773 1866 epistula
793 1777 834 1844 ed
849 1778 1060 1844 Volumnium
1075 1779 1147 1844 dete
1169 1778 1225 1846 illc
1244 1801 1319 1845 con·

274 1903 429 1980 temptum
456 1895 578 1982 ingenii
606 1893 705 1962 Sestii
735 1917 829 1962 suum
854 1893 969 1962 Cicero
997 1894 1046 1960 his
1074 1895 1234 1982 expressit
1260 1896 1318 1980 (nd

274 2010 418 2076 Atticum
438 2033 478 2076 vu
502 2012 540 2076 17
561 2011 596 2098 2)
626 2011 733 2079 uerbis
763 2035 846 2102 quse
873 2013 1055 2100 subscripsi.
1097 2014 1178 2078 crire
1204 2015 1268 2078 ιἀηι
1288 2025 1317 2078 ts

273 2139 384 2212 oportet
403 2128 441 2194 L.
459 2129 578 2195 Oueeor
598 2153 678 2216 quoe
696 2153 842 2216 responsa
862 2130 983 2216 referat
1003 2155 1025 2195 o
1046 2129 1211 2216 Pompeio,
1238 2153 1316 2217 quos

272 2245 314 2309 ob
343 2248 443 2311 eodem
471 2246 517 2312 ud
543 2245 705 2313 Gaesarem
724 2247 817 2333 ferat
843 2249 970 2312 ls‘ttcrce.
1021 2249 1154 2332 scriptae
1182 2247 1260 2313 erim
1289 2261 1317 2312 et

271 2365 361 2428 dutoe
382 2365 427 2428 itu
447 2375 516 2428 cont
535 2377 569 2428 ot
583 2377 821 2450 proponerentur
848 2367 882 2430 in
900 2365 1024 2451 publico
1044 2391 1056 2430 .·
1076 2367 1112 2430 ἐπ
1137 2388 1196 2452 quo
1226 2387 1315 2430 acere-

271 2481 347 2546 eous'
369 2504 483 2546 meeum
510 2482 575 2568 s'pse
596 2483 790 2567 Pompeium,
820 2487 873 2568 qui
895 2505 963 2547 eom
991 2487 1114 2568 ceptor
1145 2481 1315 2548 heodem

271 2610 358 2674 esen,
379 2611 479 2663 meme
499 2621 559 2680 ree,
580 2610 669 2685 atque
690 2621 743 2662 eos
764 2621 843 2684 quoe
859 2602 892 2664 irc
907 2603 1034 2662 omnium
1048 2621 1157 2662 monus
1170 2609 1313 2663 uenturae

271 2727 377 2796 essent,
402 2713 494 2780 Sestio
519 2727 619 2780 nostro
648 2715 827 2780 scribendos
854 2715 981 2780 dedml.
1022 2717 1127 2800 s'toqce
1145 2715 1227 2780 nteit
1246 2737 1313 2780 um·

269 2853 362 2918 quarn
392 2833 454 2920 lapi
477 2833 625 2917 scriptum
655 2830 934 2918 σηστιωδέστερον.
985 2831 1056 2896 ideo
1088 2829 1156 2895 iure
1190 2831 1312 2919 optimo

269 2946 414 3015 Catulus
437 2945 533 3015 Sestii
556 2949 675 3014 melum
696 2947 812 3014 librum
834 2949 990 3033 despexit.
1034 2947 1159 3012 secedit
1180 2957 1217 3012 ut
1238 2945 1312 3013 Ses-

268 3065 332 3131 tius
353 3065 460 3133 animo
481 3065 621 3152 litigioso
643 3075 675 3132 et
696 3066 845 3132 insolenti
867 3065 979 3147 fuerit,
1010 3063 1095 3130 unde
1122 3064 1216 3130 facile
1237 3087 1312 3151 cog·

267 3184 410 3249 noscitur
437 3205 494 3249 cur
521 3177 658 3270 ‘plenam
685 3184 801 3249 ueneni
830 3193 862 3248 et
888 3175 1100 3269 pestilentiee'
1119 3181 1153 3245 in
1175 3182 1309 3247 Antium

267 3298 432 3388 scripserit
463 3299 648 3366 oraticnem.
701 3300 742 3366 cf.
772 3297 937 3366 Ciceronis
965 3301 1066 3366 uerbc
1093 3300 1173 3365 haec
1202 3299 1243 3365 sd
1266 3297 1309 3380 Q.

266 3415 438 3482 fratremn
461 3416 1309 3504 4l:illod,qucdtidicoraescepeesseintsllece-

265 3555 351 3616 ram‚
379 3557 418 3600 ne
443 3539 495 3599 eoi
520 3536 623 3621 torpeo
651 3535 886 3622 relinqueremus
906 3537 1097 3622 wicperondi
1113 3535 1228 3612 emm,
1259 3541 1312 3622 qut

265 3672 318 3714 noe
339 3652 478 3738 superatos
499 3675 566 3716 eece
587 3652 718 3733 diceret,
753 3657 814 3716 ruisi
828 3652 915 3717 illiue
935 3649 1063 3738 (Sentii)
1082 3657 1308 3736 peruersitatem

264 3765 446 3852 quidusdam
467 3769 501 3832 s'n
514 3771 602 3833 rebus
616 3791 707 3854 qoam
721 3769 942 3834 dementissime
961 3767 1115 3852 ferremus
1137 3767 1194 3852 (ci.
1209 3769 1307 3836 etism

266 3883 305 3948 ad
328 3881 370 3961 Q.
392 3882 430 3947 fr.
451 3907 470 3948 ιι
492 3883 513 3947 3
533 3885 579 3968 b),
600 3885 677 3948 seito
703 3884 760 3948 too
786 3909 842 3950 noe
869 3885 903 3950 sie
929 3908 962 3950 eo
990 3886 1105 3951 iudicio
1134 3898 1307 3952 consecutos
