2950 4480
537 299 612 354 vnn
632 298 740 354 10-x
759 299 791 352 lo

157 487 198 554 10
219 509 239 554 o
261 491 422 574 quantem
445 491 496 554 est
515 487 687 554 hominum
712 485 904 564 beatiorum,

219 607 298 690 quid
320 607 519 674 molestius
541 613 592 674 ost
612 605 807 673 boatiuoue?

645 845 681 912 X

216 999 331 1097 Verus
353 1051 407 1096 me
430 1051 523 1097 meus
546 1029 586 1096 ad
608 1051 686 1097 suos
709 1050 836 1097 amores

220 1151 329 1216 uisum
353 1149 495 1216 duxerat
515 1171 533 1215 o
555 1150 625 1216 foro
647 1149 799 1227 otiosum,

218 1270 414 1350 scortsslnm,
436 1278 474 1336 ut
495 1270 579 1336 mihi
601 1277 674 1337 turn
696 1277 832 1354 repente
853 1269 963 1336 uisum
987 1279 1046 1348 ost,

217 1412 283 1456 nou
306 1412 385 1456 sane
408 1389 582 1475 illepidum
604 1411 710 1472 noque
731 1389 955 1455 inuonuatunr.

175 1510 196 1574 5
218 1510 283 1575 huo
304 1518 343 1574 ut
365 1510 528 1587 uenimus,
550 1508 696 1576 incidero
717 1508 813 1575 nobis

218 1650 386 1695 sormones
409 1630 501 1706 uarii,
523 1629 558 1694 in
582 1628 711 1711 quibus,
733 1627 812 1710 quid
835 1634 922 1693 esset

218 1749 285 1814 iarn
308 1748 479 1835 Bithynia,
503 1767 567 1830 quo
589 1746 686 1812 modo
707 1767 742 1811 ae
765 1745 907 1824 haberet,

216 1887 392 1950 ecquonam
416 1867 499 1932 mihi
520 1866 699 1951 profuisset
721 1886 806 1930 oero.

217 1986 368 2073 respondi
391 1985 426 2051 id
449 1985 535 2070 quod
558 1993 636 2064 orat,
659 1984 744 2051 nihil
767 2005 874 2068 nequo
895 1985 979 2070 ipsis

154 2107 194 2172 10
216 2128 276 2173 nee
298 2104 505 2191 praetoribus
527 2126 599 2172 esso
620 2126 681 2171 noe
702 2106 828 2170 eohorti

217 2246 276 2292 our
298 2226 474 2309 quisquam
498 2230 598 2308 eaput
619 2223 753 2290 unctius
775 2224 921 2302 referret,

216 2343 411 2428 praesertim
435 2342 555 2426 quibus
578 2348 666 2408 esset
686 2343 865 2408 irrumator

219 2471 351 2548 praetor
372 2485 438 2529 uon
460 2463 581 2528 faoieaa
601 2462 662 2545 pili
684 2461 859 2528 eohortem.

220 2591 264 2649 ‘at
285 2591 372 2649 eerte
392 2582 512 2648 tamon’
535 2581 699 2664 inquiunt,
723 2579 818 2664 ‘quod
841 2580 912 2648 illie

156 2702 198 2768 15
219 2710 336 2768 uatum
358 2701 482 2768 dieitur
503 2721 584 2780 esee,
608 2701 806 2788 comparasti

221 3009 246 3061 Χ
270 3011 282 3061 l
306 3010 398 3062 Varius
421 3009 434 3059 ΙΙ
458 3009 474 3061 7
493 3009 539 3076 ιο]
562 3025 636 3076 posse
659 3011 672 3060 ΙΙ
695 3011 711 3062 8
734 3011 767 3062 lte
783 3011 901 3077 quoniam
921 3027 981 3063 tter.
1005 3011 1042 3063 al'.
1067 3027 1174 3078 quonam

159 3095 172 3142 ΙΙ
192 3095 253 3145 hare
277 3095 290 3142 ΙΙ
309 3095 423 3161 itusque
441 3095 466 3145 in
484 3095 546 3162 ipris
564 3093 610 3161 (i)
632 3095 644 3143 ΙΙ
664 3094 696 3145 13
713 3093 809 3147 faceret
1169 3105 1173 3114 '

221 3245 246 3299 X
270 3248 281 3298 1
307 3249 387 3300 Varus
408 3247 462 3314 (uei
478 3247 588 3314 Vanus)
604 3241 636 3326 βε
655 3248 747 3301 Varius
772 3247 953 3302 VWeieimru
971 3249 999 3300 de
1015 3250 1047 3304 L„
1066 3250 1137 3303 Varii
1152 3261 1175 3302 er

156 3329 240 3382 Cassii
260 3331 401 3384 Par-marsaio
424 3333 567 3384 eormiaaiue
586 3351 613 3399 ρ.
635 3333 670 3384 12
692 3332 751 3400 (sed
771 3334 802 3399 gs.
824 3333 930 3400 Houptr'i
949 3337 999 3387 oba.
1018 3336 1053 3387 24
1070 3347 1093 3386 er
1109 3354 1173 3388 meaa

153 3433 192 3480 qu.
212 3413 314 3484 1290)
418 3420 436 3468 4
453 3417 590 3484 inlepidum
608 3435 637 3468 aa
655 3417 744 3468 doteao
762 3417 808 3468 Lm
909 3417 926 3470 '1
943 3421 1067 3486 quomodo
1084 3438 1129 3487 ops
1146 3439 1174 3472 so

153 3502 243 3565 (pono
269 3499 303 3568 V)
322 3503 426 3554 haberet
451 3501 550 3554 Vossius
670 3503 688 3554 8
710 3503 854 3570 Ecquem
877 3501 989 3554 Serre:
1014 3505 1048 3555 Et
1067 3521 1175 3571 quonam

153 3579 204 3664 βω
340 3587 435 3639 omiti
454 3605 501 3640 oso
517 3587 565 3654 ipsi
583 3585 678 3638 Statius
696 3587 811 3654 scateo
949 3589 981 3640 10
1002 3589 1068 3642 Hine
1085 3588 1174 3642 Frat-

153 3673 238 3724 lotas
397 3672 574 3738 quaestoribus
604 3671 715 3723 Muretus
744 3673 910 3740 praeconibus
938 3671 1069 3726 Manilius
1099 3675 1174 3729 Hais-

150 3759 203 3810 aius
327 3757 357 3808 13
376 3757 469 3810 facim
491 3757 626 3810 Grooourire
644 3758 673 3808 de
689 3769 746 3812 aest.
763 3757 858 3810 11117
876 3759 958 3810 Lm*.·
975 3761 1072 3815 faceret
1097 3763 1173 3816 Via·

150 3851 239 3898 oaroot
269 3833 333 3920 βίπι
350 3858 397 3893 noe
414 3843 510 3895 meet
537 3834 580 3920 βω
675 3843 705 3895 lo
723 3843 816 3895 Notum
834 3841 959 3912 Meleagre-
975 3847 1054 3913 spicil.
1072 3847 1106 3899 17
