2954 4492
256 305 258 311 ’
299 343 346 393 na
577 337 627 390 u
648 338 696 390 un
714 335 893 390 auertere
910 335 1067 390 carum

299 516 394 572 tatur.
442 505 482 570 ad
511 505 700 588 Aurelium,
741 506 795 593 qui
825 526 891 570 ona
919 527 990 570 cum
1024 503 1140 588 Furio,
1179 507 1251 570 uiro
1280 506 1342 572 sibi

299 623 418 704 amico,
440 621 473 688 in
495 623 644 688 quentio
668 644 812 688 amorem
833 624 1022 699 exercebat,
1049 621 1176 688 duobus
1197 622 1343 688 carmini·
1459 687 1460 704 ¹

300 741 358 806 bus
388 765 432 806 xv
461 751 494 806 et
526 765 581 806 xxt
608 738 754 806 Catullus
783 739 998 822 conuertitur,
1030 761 1168 826 quorum
1197 740 1230 804 in
1259 758 1345 805 utro·

300 881 363 946 qua
393 856 625 925 contumeliosa
652 856 792 922 minatus
820 877 936 922 cauere
966 856 1027 922 sibi
1056 859 1145 924 iubet
1166 856 1344 939 Aurelium,

298 964 443 1062 ‘patrem'
472 986 509 1041 ut
531 974 612 1040 salse
634 985 731 1062 poeta
751 975 798 1038 ait
818 968 1057 1054 esuritionem]
1088 997 1129 1039 ne
1159 973 1343 1040 quentium

298 1101 490 1180 corrumpat
534 1102 704 1178 praeterea
723 1090 757 1156 in
776 1089 911 1156 Furium
927 1101 960 1157 et
973 1089 1139 1156 Aurelium
1162 1091 1256 1156 simul
1278 1113 1344 1156 car·

299 1208 437 1276 minibus
464 1231 517 1274 xu
546 1220 580 1274 et
607 1232 641 1275 xr
668 1209 786 1297 partim
820 1211 967 1274 inuectus
996 1219 1061 1290 et,
1092 1205 1210 1296 partim
1231 1207 1344 1274 ambos

299 1325 420 1391 derisit.
442 1325 475 1390 in
488 1324 628 1392 carmine
646 1326 730 1390 enim
744 1347 798 1389 xvi
812 1323 946 1390 Aurelio
969 1334 1002 1388 ct
1016 1323 1114 1389 Furio
1137 1326 1276 1390 minatus
1293 1333 1343 1390 est
1459 1333 1460 1336 ’

299 1465 354 1523 se,
393 1464 465 1506 cum
489 1441 536 1507 illi
562 1451 694 1528 propter
722 1441 867 1507 carmine
888 1441 1046 1507 amatoria
1067 1440 1161 1506 nimis
1183 1441 1268 1506 leuia
1286 1464 1345 1507 ena

299 1581 334 1626 se
362 1553 454 1624 ‘male
484 1551 616 1622 marem'
643 1567 675 1622 et
701 1552 825 1646 ‘parum
848 1547 1012 1646 pudicum'
1042 1579 1111 1624 esse
1132 1559 1345 1647 uituperauis·

297 1685 386 1758 sent,
413 1697 534 1764 poenas
555 1673 764 1762 grauissimas
786 1679 826 1742 ab
849 1676 895 1740 eie
914 1674 1092 1763 petiturum
1114 1685 1147 1742 et
1168 1697 1202 1740 ee
1225 1674 1345 1762 optimo

298 1815 418 1859 marem
452 1814 522 1859 esse
555 1793 775 1879 probaturum.
829 1792 919 1858 cuiue
962 1793 1111 1859 carminis
1144 1813 1274 1858 caussas
1312 1802 1344 1858 et

298 1912 456 1997 originem
478 1912 504 1975 si
528 1910 702 1975 diuinando
727 1910 859 1996 adsequi
881 1908 974 1990 licet,
1000 1909 1153 1976 Aurelius
1176 1920 1208 1974 ct
1227 1908 1345 1974 Furius

295 2027 435 2094 lacessiti
463 2028 609 2094 uersibus
642 2025 906 2094 contumeliarum
929 2025 1033 2114 plenia
1064 2046 1146 2113 quos
1177 2034 1275 2114 poeta
1305 2025 1344 2090 de

297 2143 447 2210 quentio
470 2143 530 2210 sibi
552 2145 738 2211 abalienato
759 2143 859 2210 iratus
881 2145 914 2209 in
937 2142 1008 2210 illos
1024 2143 1214 2224 coniecerat,
1236 2141 1344 2208 nescio

297 2284 338 2328 an
360 2261 569 2348 petulantiam
598 2271 631 2328 et
662 2260 882 2349 inpudicitiam
910 2270 943 2327 et
971 2259 1135 2326 mollitiem
1167 2261 1344 2324 carminum

298 2378 554 2445 Catullianorum
575 2378 703 2467 publice
718 2379 874 2445 eluserint
889 2400 897 2442 :
913 2401 978 2467 que
999 2379 1153 2444 inrisione
1169 2377 1223 2444 ille
1240 2387 1345 2443 motus

296 2496 380 2562 hanc
409 2497 640 2562 uersiculorum
669 2517 802 2560 suorum
833 2495 1053 2561 defensionem
1079 2494 1216 2583 scripsit.
1259 2493 1345 2561 deni·

296 2633 360 2699 que
373 2615 540 2700 quaeritur
555 2635 620 2701 quo
636 2613 769 2680 consilio
787 2611 933 2679 Catullus
949 2612 982 2676 in
997 2613 1139 2678 carmine
1153 2633 1185 2678 xt
1202 2611 1257 2677 illa
1270 2606 1345 2677 ‘non

295 2730 383 2795 bona
409 2721 504 2796 dicta'
530 2729 666 2797 Clodiae
695 2728 871 2796 deferenda
898 2727 999 2795 Furio
1030 2739 1063 2794 ot
1092 2728 1227 2794 Aurelio
1259 2751 1345 2794 men·

296 2846 430 2914 dauerit.
474 2869 539 2934 qua
568 2848 607 2914 de
637 2871 670 2912 re
699 2859 811 2934 postea
842 2869 939 2934 quam
972 2847 1115 2935 priorum
1144 2847 1345 2912 saeculorum

296 2966 489 3052 interpretes
517 2967 622 3052 magis
659 2966 738 3030 mire
770 2987 867 3054 quam
901 2963 1078 3053 prudenter
1111 2962 1344 3046 iudicauerunt,

296 3082 419 3172 primus
434 3085 474 3149 A.
489 3080 526 3148 F.
541 3083 688 3150 Naekiue
711 3082 823 3148 merito
847 3104 884 3146 ea
900 3081 939 3148 de
961 3104 1074 3148 caussa
1096 3104 1115 3144 a
1137 3079 1182 3146 M.
1197 3080 1343 3169 Hauptio

298 3201 441 3286 (obseru.
478 3201 577 3268 critic.
611 3224 641 3289 p.
677 3200 732 3282 24)
772 3199 922 3266 laudatus
955 3198 989 3264 in
1024 3197 1129 3264 indice
1163 3197 1343 3264 scholarum

295 3319 516 3385 Bonnensium
544 3339 602 3405 per
630 3316 768 3382 hiemem
797 3338 826 3381 a.
849 3315 929 3381 1823
949 3315 1133 3383 habitarum
1157 3324 1279 3380 rectam
1301 3315 1345 3380 in-

298 3437 494 3524 terpretandi
515 3436 602 3500 niem
626 3435 789 3521 ingressus
812 3441 868 3498 est.
913 3431 1072 3499 intellexit
1100 3431 1184 3497 enim
1211 3433 1263 3496 uir
1291 3431 1344 3497 ille

300 3554 532 3620 adcuratissimi
553 3551 663 3618 iudicii
678 3549 840 3617 Catullum
862 3549 1011 3616 carminis
1027 3573 1059 3614 xr
1082 3547 1216 3614 exordio
1238 3549 1344 3635 amplo

299 3680 332 3737 et
361 3669 534 3756 magnifico
565 3670 645 3757 (quo
679 3667 808 3734 illorum
836 3667 1057 3733 famelicorum
1089 3665 1278 3732 fidelitatem
1310 3676 1343 3732 et
1457 3661 1460 3688 ¹

299 3787 536 3854 obseruantiam
548 3835 556 3866 ,
590 3807 654 3874 qua
685 3787 829 3873 inpulsos
850 3795 938 3852 certo
961 3785 1021 3850 scit
1043 3807 1077 3848 se
1098 3803 1344 3869 quoquouersus

296 3904 458 3971 indefesse
493 3903 701 3969 comitaturoa
731 3923 819 3984 esso,
852 3899 1002 3966 laudibus
1033 3901 1160 3988 magnis
1188 3899 1345 3966 extollere
1459 3903 1460 3910 ’
