2954 4492
302 351 335 400 84
588 347 613 396 V
648 345 694 397 DE
713 343 892 400 enomere
910 344 1066 400 cnutum

305 535 345 577 ec
376 511 490 598 quibua
521 510 619 576 Varus
641 523 669 578 et
691 515 799 580 consul
810 512 887 599 fari,
912 513 1023 599 Ofilius
1044 515 1078 579 in
1100 518 1231 602 aqueum
1246 516 1360 583 ordisse

302 629 523 715 personatui.
567 630 623 695 sed
653 651 717 716 qno
739 651 824 696 anno
845 630 984 698 Alfenus
1003 631 1117 698 consul
1139 630 1229 698 fnit?
1270 653 1357 700 unus

303 743 442 810 Alienus
464 745 518 810 uel
539 744 688 812 Alienius
711 767 808 832 quem
838 747 1001 814 consulem
1029 747 1128 814 fuisse
1150 749 1286 832 scimus,
1318 748 1358 816 P.

304 861 357 927 uel
378 858 416 926 L.
447 861 538 946 (uide
566 862 678 930 fastor.
699 862 815 949 fragm.
838 860 959 930 Gabin.
982 864 1015 930 in
1037 864 1152 932 Orellii
1174 865 1271 931 inscr.
1293 864 1358 930 644

303 987 337 1046 et
357 1001 441 1065 pone
463 977 586 1046 Baiteri
608 979 683 1044 fest.
704 1001 735 1067 p.
752 981 959 1065 cosmum)
980 979 1130 1047 Alienine
1146 981 1183 1048 P.
1201 980 1223 1046 f.
1248 981 1358 1047 Varus

303 1119 389 1162 anuo
415 1095 513 1174 75512
540 1119 613 1162 cum
638 1095 677 1161 P.
709 1095 848 1164 Vinucio
880 1095 927 1163 M.
952 1099 974 1162 f.
1001 1097 1040 1164 P.
1065 1121 1096 1162 n.
1128 1098 1358 1186 magistratum

303 1235 462 1278 summum
490 1211 603 1279 tenuit
646 1211 731 1278 hunc
759 1211 897 1279 eundem
927 1222 1027 1302 atque
1058 1211 1139 1280 iuris
1171 1216 1358 1282 consultum

303 1330 402 1397 fuisse
433 1327 561 1418 plurimi
592 1327 736 1396 uirorum
772 1329 1033 1396 doctissimorum
1068 1331 1214 1399 credunt.
1257 1353 1359 1418 quam

304 1448 496 1514 sententiam
527 1467 607 1512 caue
637 1469 679 1512 ne
710 1467 863 1536 respuas,
897 1447 975 1534 quia
1007 1447 1144 1514 Alfenus
1179 1447 1358 1536 discipulus

305 1562 414 1632 Seruii
435 1559 570 1650 Sulpicii
597 1561 674 1628 Rufi
701 1585 728 1628 a.
751 1563 868 1640 711l43
896 1564 1016 1629 mortui
1043 1563 1149 1630 lirerit.
1193 1587 1267 1631 nam
1297 1587 1359 1630 cur

303 1702 369 1746 non
391 1679 583 1746 arbitremur
604 1678 756 1746 Alfenum
786 1679 894 1746 studio
925 1681 1106 1748 litterarum
1137 1682 1205 1748 acri
1231 1682 1358 1748 iuilam-

303 1807 427 1865 matum
456 1819 542 1865 anno
568 1797 683 1865 aetatis
707 1799 781 1864 ¹fere
812 1797 970 1886 trigesimo
992 1800 1152 1866 tonstrina
1182 1807 1216 1864 et
1249 1799 1359 1886 patria

302 1915 417 1982 relicta
447 1914 573 1982 Romae
607 1916 694 1983 intra
726 1937 828 1983 annos
857 1915 974 1994 loelli>
1005 1924 1039 1982 et
1069 1915 1186 1994 711143
1217 1913 1358 2004 Sulpicii

304 2031 474 2121 disciplina
495 2053 589 2099 usum
610 2032 719 2116 lilioso,
751 2040 785 2098 et
805 2039 1038 2120 posteaquam
1059 2033 1154 2098 homo
1176 2031 1356 2120 municipio

304 2148 458 2216 oriundus
481 2171 519 2215 oc
540 2171 645 2216 nouus
659 2148 792 2238 ingenio
816 2159 848 2216 et
869 2149 1028 2216 industria
1048 2159 1082 2216 et
1096 2149 1245 2216 doctrina
1263 2149 1358 2238 paul·

304 2265 393 2333 latim
426 2275 460 2332 et
487 2266 605 2332 sensim
639 2265 777 2355 gloriam
805 2267 966 2352 insignem
995 2265 1131 2354 adeptus
1153 2277 1257 2351 esset,
1287 2266 1357 2334 iam

304 2403 413 2449 senem
427 2383 469 2450 ab
485 2385 634 2470 Augusto
656 2382 833 2465 consulatu,
856 2381 946 2448 cuins
972 2382 1112 2470 dignitas
1129 2383 1266 2472 pristina
1288 2384 1356 2451 iam

304 2500 425 2567 dudum
439 2499 615 2582 interierat,
630 2521 699 2566 esee
713 2497 932 2567 honoratum?
955 2521 1020 2586 qua
1036 2501 1198 2566 sententia
1212 2501 1356 2587 probate

304 2618 394 2684 locus
416 2617 546 2684 Horatii
563 2618 637 2702 (sat.
660 2641 668 2683 ι
690 2616 711 2682 3
733 2617 807 2702 130)
830 2637 895 2704 quo
918 2616 996 2682 iuris
1017 2616 1200 2684 consultum
1220 2617 1359 2686 clarissi-

303 2757 392 2800 mum
406 2756 425 2799 a
439 2732 557 2800 Flacco
573 2733 715 2800 densum
729 2755 793 2800 non
810 2734 891 2800 nulli
907 2732 969 2799 uiri
981 2733 1068 2802 docti
1083 2757 1183 2823 aegre
1197 2735 1356 2820 tulerunt,

203 2899 204 2904 η
305 2850 426 2941 optime
454 2851 644 2940 explicatur.
684 2873 762 2916 nam
792 2872 866 2917 cum
887 2874 972 2918 auno
995 2851 1128 2935 716f38,
1159 2874 1224 2939 qno
1253 2853 1357 2918 satira

303 2971 400 3038 tertia
420 2969 514 3057 primi
534 2969 609 3035 libri
627 2968 748 3058 scripta
768 2977 827 3051 est,
849 2968 986 3035 Alfenus
1008 2969 1124 3036 aetatis
1145 2991 1267 3036 annum
1282 2970 1356 3036 fere

303 3089 498 3176 trigesimum
518 3087 690 3175 septimum
710 3095 839 3174 ageret,
870 3086 1026 3153 Horatius
1048 3085 1176 3169 Alieni,
1204 3085 1356 3175 quitum

303 3205 373 3273 sine
402 3205 500 3272 dubio
521 3204 599 3271 satis
621 3205 707 3270 bons
729 3201 925 3270 documenta
946 3203 1112 3270 docuiuae
1132 3212 1167 3268 et
1194 3202 1356 3271 acuminis

303 3323 468 3407 ediderat,
498 3321 648 3410 exemplo
673 3319 722 3387 uti
742 3321 848 3409 potuit
867 3342 974 3410 neque
997 3321 1237 3387 obseruantiam
1258 3321 1357 3390 laesit

303 3439 375 3506 uiro
396 3439 459 3506 sibi
479 3440 572 3506 aunis
593 3437 720 3528 aequali
740 3439 850 3505 inriso.
893 3438 932 3504 ef.
955 3437 996 3504 de
1016 3437 1135 3505 Alieno
1156 3448 1286 3526 praeter
1307 3439 1354 3507 H.

302 3557 565 3624 Brencmannum
575 3555 650 3624 chr.
659 3555 904 3623 Waeohtlerum
916 3555 1142 3623 EuOttonem
1157 3553 1197 3622 V.
1211 3553 1354 3624 Lancet-

303 3675 383 3741 tium
397 3675 424 3740 I.
437 3676 479 3742 A.
491 3675 633 3762 Eykium
645 3673 824 3740 Weicherti
836 3673 911 3739 leot.
923 3672 1044 3740 Venus.
1056 3695 1087 3761 p.
1098 3673 1222 3738 44-51
1234 3671 1354 3740 Kiroh·

302 3813 416 3858 nerum
437 3791 479 3858 ad
500 3792 580 3860 Hor.
595 3793 615 3857 l.
629 3814 656 3856 c.
669 3789 829 3856 Rudorffii
848 3788 922 3858 hist.
938 3790 998 3857 ior.
1020 3789 1115 3857 Rom.
1134 3815 1143 3856 ι
1163 3790 1231 3857 164.
1266 3811 1354 3880 quae

302 3931 375 3978 cum
383 3907 428 3977 ita
437 3909 652 3996 sint‚adparet
660 3906 1031 3975 AlienumVarumiuris
1042 3907 1224 3975 consultum
1231 3907 1354 3977 Catulli
