2970 4484
244 329 292 382 lid
442 325 518 380 vum
552 327 600 380 DE
618 325 779 380 CAESARE
796 327 843 380 ΒΤ
860 327 1092 382 messalinus

240 502 322 559 tur:
344 491 465 560 (isium
495 491 567 560 dieo
588 492 747 560 Licinium
769 490 908 561 Caluum
929 501 963 560 et
982 491 1131 560 Marsum
1151 491 1288 560 Furium

239 607 432 676 Bibaeulum
446 618 480 677 et
493 610 598 698 ipsum
613 608 787 678 Catullum.
822 607 909 698 quod
924 619 958 676 et
971 631 1083 676 eornm
1098 610 1240 698 ipsorum
1255 619 1289 676 et

240 727 377 794 eliorum
396 725 587 814 sesiptorum
607 727 798 794 testimoniis
818 727 1046 816 conprobatur.
1088 726 1189 794 ueluti
1212 723 1287 796 Gal-

239 863 317 908 uum
339 841 472 910 Caesari
494 851 526 910 et
546 843 702 932 Pompeio
723 843 919 911 carminibus
940 844 1024 911 mule
1047 842 1167 910 dixisse
1188 851 1223 911 et
1244 865 1286 910 ex

240 957 386 1027 Suetonii
415 959 501 1028 niteo
530 958 679 1028 Gesseris
700 960 804 1048 eapite
826 961 884 1045 73,
916 959 972 1029 ubi
991 960 1117 1028 lomose
1137 958 1232 1029 Calui
1252 958 1286 1026 in

239 1075 412 1145 Gaesarem
432 1077 665 1166 epigrsmmsta
690 1085 1003 1162 commemorentur,
1035 1077 1153 1144 seimus
1183 1087 1217 1144 et
1243 1099 1286 1143 ex

239 1193 364 1260 duobus
400 1194 577 1261 carminum
608 1195 694 1262 illius
727 1193 919 1282 fragmentis
954 1195 1109 1284 sdparet‚
1149 1215 1286 1283 quorum

238 1312 375 1376 alterum
404 1311 446 1377 ab
473 1310 585 1378 eodem
608 1307 764 1380 Suetonio
792 1313 826 1378 in
854 1311 923 1378 uite
943 1309 1037 1379 Osee
1059 1311 1101 1378 49
1121 1320 1285 1378 seruatum

237 1428 271 1494 iu
294 1424 468 1495 Caesonem
490 1438 549 1512 ost,

758 1593 907 1680 Boionia
929 1591 1086 1680 quaqua

417 1721 445 1774 et
460 1707 622 1796 padicator
644 1707 791 1775 ansmis
811 1731 957 1797 amqscam
977 1707 1095 1792 lubuit,

237 1891 374 1959 alterum
396 1893 514 1980 pertim
535 1915 555 1959 s
577 1891 704 1960 Seneoe
725 1893 1018 1959 controuersiarum
1041 1915 1072 1958 ιιι
1087 1891 1126 1957 19
1148 1901 1181 1957 et
1200 1911 1222 1954 v
1242 1889 1285 1956 30

237 2007 354 2097 partim
374 2031 394 2075 s
416 2007 588 2074 scholiasta
612 2008 736 2075 Luceni
762 2009 1014 2077 Pharsaliaeve
1036 2009 1098 2076 726
1119 2017 1284 2074 seruatum

237 2123 392 2211 Pompeio
413 2123 459 2190 ita
479 2121 597 2191 inludit
618 2149 625 2191 ι

339 2289 483 2378 Magnos,
505 2315 593 2375 quom
613 2301 751 2358 metuam
763 2313 874 2374 omnes,
894 2291 991 2378 digito
1012 2303 1107 2378 eaput
1126 2313 1185 2356 sato

337 2408 457 2494 scalpit.
500 2407 708 2496 qusiioredas
729 2408 891 2474 lunensii
907 2407 1009 2473 aelle?
1049 2411 1158 2472 mium.

237 2592 277 2658 de
291 2590 447 2658 Biheenlo
461 2602 495 2658 et
507 2591 636 2660 Ostullo
652 2589 853 2660 Cremutium
866 2589 1010 2659 Cordum
1020 2591 1154 2658 Teeitus
1169 2591 1210 2658 sb
1228 2613 1283 2658 ex·

238 2731 331 2775 cassu
352 2710 431 2776 Diui
452 2709 594 2796 Augusti
612 2731 652 2776 ιιιι
669 2709 710 2774 34
725 2710 805 2776 haee
825 2710 1012 2798 loquentem
1034 2708 1110 2774 iecit
1128 2732 1137 2772 ε
1158 2707 1287 2774 Antonii

236 2827 390 2914 epistolae,
413 2826 512 2891 Bruti
522 2827 672 2892 comam
685 2825 768 2905 falsa
781 2825 906 2914 quidem
917 2825 953 2892 ia
967 2827 1139 2914 Augustum
1153 2825 1281 2912 probru,

236 2943 293 3008 ssd
312 2945 401 3009 natta
421 2965 490 3008 eam
511 2942 677 3008 acerbitate
693 2923 809 3009 ¹habant
827 2965 838 3008 .·
855 2943 998 3009 earmina
1014 2941 1161 3008 Bibaculi
1178 2954 1205 3006 st
1227 2941 1285 3008 Ga·

236 3061 306 3126 mlii
316 3059 436 3144 rsfoeta
450 3061 636 3126 contumeliis
653 3059 824 3128 Caesarum
840 3059 983 3149 leguntur
1003 3082 1014 3124 .·
1034 3058 1092 3124 sed
1106 3059 1178 3144 ipss
1191 3057 1284 3124 disse

237 3177 344 3243 Istius
355 3225 364 3258 ‚
396 3181 464 3263 ipss
492 3175 585 3242 ditus
612 3177 775 3265 Augustas
803 3187 831 3242 st
857 3177 951 3242 tulere
976 3176 1041 3243 isto
1070 3187 1098 3242 st
1123 3177 1283 3263 reliqum.

237 3292 441 3359 adcuratiors
453 3290 530 3379 ipsis
545 3289 663 3360 (istulli
679 3290 876 3357 carminibus
891 3291 1031 3376 fumosis,
1048 3313 1131 3379 quse
1145 3301 1285 3360 setstam

236 3409 381 3476 tulerunt
397 3429 546 3496 quosque
561 3408 601 3473 ed
617 3429 717 3473 unum
732 3409 848 3491 omnio,
870 3417 908 3473 ut
925 3407 1064 3488 uidetur,
1086 3407 1170 3475 iuter
1184 3429 1285 3474 annos

236 3525 354 3604 698166
374 3535 406 3591 et
427 3523 545 3601 700de
567 3524 686 3613 scripte
707 3533 790 3606 sunt,
812 3521 975 3591 doeemur.

318 3639 490 3708 (laeseram
520 3641 668 3727 quamuis
695 3639 954 3729 potentissimum
983 3663 1003 3706 s
1030 3664 1066 3708 se
1093 3639 1224 3728 neglegi
1251 3650 1285 3708 et

237 3757 314 3822 nihil
330 3756 458 3823 omnino
473 3757 579 3824 oursel
594 3767 692 3845 poete
705 3766 818 3844 operte
832 3757 866 3824 in
881 3755 1115 3844 epigrammate
1131 3777 1283 3824 nxxxxm

237 3872 344 3940 dioit:
