2970 4484
303 367 381 422 vult
414 369 463 422 DE
482 367 642 423 CAESARE
660 369 707 422 ΕΤ
724 368 954 423 caussatorem
1106 371 1157 422 alt

107 536 187 625 quit.
233 532 356 602 Caesar
378 545 410 602 et
430 533 612 619 Mamurra,
638 536 789 624 inquam,
815 557 875 622 par
895 533 976 602 illud
997 535 1127 602 fuerunt
1149 559 1157 600 ι

106 652 138 719 id
172 653 261 742 quod
291 673 358 718 uon
389 651 468 719 nulli
498 653 561 717 uiri
589 652 676 719 docti
702 653 803 719 multo
831 653 920 740 prius
951 673 1049 742 quam
1079 651 1157 718 illud

107 768 276 836 Maeciliae
290 789 408 834 nomeu
423 769 592 835 inuentum
607 779 655 834 est
672 769 742 834 iure
758 769 879 858 optimo
896 768 1157 834 adfirmauerunt.

108 887 228 954 etenim
248 885 313 952 iam
336 884 484 973 Scaliger
504 907 512 950 ι
533 887 565 952 re'
581 885 710 952 historio
729 885 835 973 iuquit
863 885 1019 972 puccium
1039 885 1088 951 hic
1107 888 1157 952 sir-

108 1006 310 1092 tslleyerotur,
341 1005 379 1067 de
410 1005 479 1068 solie
506 999 670 1068 hlamma
695 1015 723 1067 et
752 1002 887 1069 ansore
915 1015 1031 1068 mamm
1060 1025 1157 1069 sauro

109 1133 192 1204 mart,
211 1133 248 1186 ut
268 1121 337 1186 ellos
350 1119 538 1185 moeobomm
560 1119 732 1207 oiymferos
753 1123 832 1186 dicut
843 1121 962 1208 siricae.
1005 1119 1155 1208 idemque

108 1237 159 1302 uel
187 1235 410 1304 Froehlichius
437 1235 614 1317 intellexit,
645 1235 703 1301 etsi
734 1246 903 1325 praeterea
932 1237 971 1303 de
1002 1237 1063 1303 hoc
1091 1259 1158 1303 car

107 1354 193 1420 mine
215 1355 249 1420 in
271 1353 574 1419 commentationum
590 1351 774 1418 academiae
788 1353 994 1420 Monacensis
1009 1378 1039 1420 rr
1056 1377 1075 1420 u
1095 1355 1157 1420 265

108 1481 139 1536 et
165 1493 187 1536 v
207 1491 240 1537 ιιι
263 1469 326 1534 274
352 1469 556 1536 incredibilia
587 1469 760 1558 praecepit
813 1493 928 1536 uerum
958 1471 1044 1536 enim
1078 1492 1156 1536 uero

108 1585 181 1676 quid
203 1587 246 1654 do
267 1585 418 1653 Maecilia
437 1585 494 1655 illa
516 1586 747 1653 statuendum?
783 1587 890 1653 omnia
912 1597 987 1653 suut
1009 1588 1155 1654 obscure.

107 1725 211 1793 neque
235 1702 320 1770 onim
342 1703 516 1793 quicquam
545 1703 585 1770 de
613 1703 733 1770 lemine
760 1703 866 1791 gentis
893 1703 986 1770 huius
1015 1705 1156 1792 quadam

107 1819 281 1886 memoriae
308 1817 471 1908 proditum
503 1829 552 1886 est
580 1821 669 1887 cuius
698 1831 787 1886 aetas
816 1829 849 1886 et
875 1842 981 1918 mpres
1010 1843 1083 1886 curn
1111 1821 1156 1886 eis

107 1959 188 2025 quae
209 1937 245 2002 in
267 1938 327 2002 hoc
348 1937 492 2004 carmine
513 1938 665 2025 leguntur
687 1936 828 2027 quodam
849 1937 946 2004 modo
964 1948 1155 2026 congruant.

107 2077 148 2122 ex
169 2063 282 2122 nostro
304 2053 389 2120 enim
410 2055 552 2120 carmine
567 2054 748 2122 Maecilium
771 2055 908 2143 primum
927 2078 999 2121 cum
1014 2053 1157 2123 Caesare

107 2181 139 2238 et
152 2171 320 2238 Mamurra
339 2169 413 2237 solis
429 2169 629 2236 adulterasse
644 2169 699 2236 sed
715 2179 828 2258 postea
841 2179 971 2260 praeter
991 2170 1063 2238 illos
1085 2172 1155 2238 aliis

107 2287 306 2377 quibuslibet
332 2310 368 2353 se
395 2288 598 2376 prostituisse
628 2287 809 2374 conligitur.
852 2287 909 2354 sed
938 2287 979 2353 de
1006 2285 1157 2354 Maecilio

106 2406 152 2472 ita
172 2416 301 2472 morata
319 2403 399 2470 nihil
413 2403 506 2471 nobis
521 2404 658 2469 rolatum
674 2415 732 2470 est.
764 2404 985 2470 nihilominus
1005 2403 1156 2470 tenebras

104 2523 163 2588 has
176 2522 294 2611 depelli
309 2543 403 2611 posse
417 2543 482 2588 non
497 2521 713 2610 desperamus.
741 2519 969 2588 Lachmannus
984 2520 1068 2587 enim
1084 2543 1157 2586 oum

107 2639 287 2706 ecodicum
305 2639 465 2726 scriptura
480 2641 604 2704 mecrlia
616 2639 786 2704 lectionem
799 2637 978 2703 Maecilium
989 2637 1155 2725 reperiret,

108 2755 365 2822 emendationem
387 2755 448 2821 loci
463 2755 558 2821 huius
574 2756 708 2843 egregie
723 2755 887 2822 incohauit
906 2754 1034 2844 quidem
1050 2778 1156 2844 neque

108 2883 213 2940 tamen
236 2873 397 2960 perteus:
418 2873 452 2939 id
480 2871 567 2961 qnod
590 2871 708 2940 Garolo
737 2871 865 2938 demum
890 2870 1054 2939 Pleituero
1083 2896 1158 2939 con·

109 2990 191 3076 tigit,
213 2989 269 3077 qui
291 2990 351 3057 etsi
371 2989 404 3054 in
426 2988 472 3054 eis
494 3011 579 3077 quae
599 2988 640 3056 de
660 2987 780 3056 Catulli
806 2987 1002 3056 carminibus
1023 2989 1056 3053 in
1076 2988 1158 3057 an-

109 3129 212 3172 sarem
242 3117 275 3172 et
303 3105 502 3174 Mamurram
533 3104 661 3193 scriptis
689 3127 773 3172 anno
803 3105 884 3172 1849
914 3103 1030 3193 Spirae
1060 3115 1158 3194 atque

109 3223 148 3289 de
158 3223 280 3293 Catulli
295 3223 507 3312 epithalamiis
521 3245 606 3290 anno
623 3223 703 3290 1858
718 3223 883 3312 Dillingae
897 3221 1006 3306 edidit,
1021 3223 1159 3311 plerum·

109 3363 171 3429 que
191 3337 364 3428 insigniter
383 3341 537 3406 ariolatus
560 3350 618 3423 est,
641 3351 749 3406 tamen
770 3363 836 3406 non
850 3341 957 3406 nullos
970 3341 1058 3405 locos
1072 3339 1158 3407 haud

110 3458 221 3525 inscite
252 3457 425 3542 tractauit,
457 3479 595 3547 quorum
624 3457 658 3522 in
686 3477 820 3524 numero
850 3457 934 3522 hunc
964 3477 1093 3543 quoque
1119 3459 1159 3524 de

110 3596 174 3662 quo
202 3577 383 3662 exposituri
411 3595 521 3640 sumus
543 3574 637 3640 duco.
692 3574 875 3642 Pleitnerus
897 3572 995 3661 igitur
1017 3575 1065 3657 (in
1087 3597 1160 3663 pro-

111 3691 298 3778 grammatis
318 3690 481 3780 Spirensis
503 3715 536 3780 p.
557 3691 609 3756 22.
632 3691 688 3778 23)
716 3689 851 3780 Pompei
884 3690 1068 3756 consulatus
1095 3713 1160 3756 uon

111 3811 213 3875 solum
234 3808 276 3874 ad
299 3828 402 3873 anuos
422 3807 639 3896 designandos
667 3807 723 3874 sed
750 3808 847 3874 etiam
868 3829 940 3874 cum
962 3806 1108 3873 acumine
1129 3816 1162 3872 et

111 3925 287 3993 subtilitate
320 3927 461 4012 quadarn
494 3951 514 3993 a
545 3937 643 4014 poete
675 3925 858 3992 nominatos
886 3947 957 3991 esse
986 3923 1161 3990 arbitratus
