2970 4484
371 341 448 394 vnn
481 341 529 392 Du
547 341 709 395 ceneten
727 341 774 392 ΕΤ
792 339 1024 394 consumme

380 507 492 572 fleon
511 513 648 574 conatast
667 507 805 594 inprobis
826 505 978 590 concedis,

381 621 566 688 Mamurrae
582 623 770 712 pathicoque
791 623 1003 708 Quomque.-

380 761 436 803 nec
457 739 567 804 mirum
587 761 596 804 ε
616 741 756 804 maculae
774 761 870 824 poree
889 743 1035 824 meisque,

379 855 499 920 wboao
519 855 620 920 alteru
641 865 670 920 et
691 855 750 920 illo
770 853 957 930 Formione,

380 971 545 1056 inpressae
563 971 697 1036 renuent
716 992 813 1058 aeque
832 970 973 1036 elaeatae
992 994 1004 1034 .·

381 1085 522 1151 morbosi
536 1087 660 1171 puriter
677 1087 803 1172 qemelle‘
819 1087 951 1174 eaeque

381 1223 441 1268 uno
460 1207 492 1268 in
513 1204 619 1268 coede
641 1203 788 1270 modioli
805 1203 903 1284 ambo,

380 1341 439 1384 acu
459 1318 512 1384 laic
533 1341 626 1406 mmm
645 1319 698 1384 ille
716 1319 819 1405 mucio
839 1341 940 1384 uorem
959 1317 1093 1401 odultm

380 1435 501 1500 mucha
521 1435 616 1500 ecciei
630 1437 833 1520 pachom
854 1459 865 1499 .·

378 1551 487 1636 poelcrc
508 1554 643 1616 conectit
661 1550 804 1636 inprobis
824 1551 971 1616 macedo.

175 1783 333 1851 carminis
347 1782 475 1850 initium
491 1793 590 1872 poeta
610 1783 651 1850 ab
674 1783 843 1874 sententie,
864 1791 901 1848 nt
921 1783 968 1849 ita
988 1782 1109 1867 dicam,
1131 1807 1227 1872 gene

174 1901 235 1967 ruli
252 1903 353 1989 capit,
373 1901 520 1989 pulcram
535 1910 568 1967 et
583 1900 695 1967 miram
717 1900 976 1966 conuenientium
999 1911 1031 1968 et
1047 1923 1225 1989 congruen-

174 2019 254 2084 tiam
287 2018 374 2084 inter
400 2017 553 2084 cinaedos
584 2016 783 2083 intercedere
810 2017 914 2084 solere
936 2043 944 2083 ε
966 2027 999 2084 et
1027 2017 1101 2084 ilico
1134 2022 1225 2108 quasi

175 2133 321 2222 exempli
348 2132 455 2222 gratia
485 2133 682 2201 Mamurram
705 2143 738 2200 et
759 2133 933 2202 Caesarem
954 2136 1105 2203 cinaedos
1126 2138 1225 2204 nomi-

174 2263 234 2319 nat
254 2274 263 2316 t
284 2253 400 2338 petitia
418 2252 504 2316 enim
526 2251 655 2318 nomine
675 2250 762 2317 idem
782 2251 942 2339 flagitium
957 2252 1045 2339 quod
1065 2255 1224 2320 uocabulo

176 2369 299 2434 mucci
309 2366 499 2456 designatur
512 2389 618 2454 neque
633 2389 671 2434 eo
687 2369 859 2456 quicquam
873 2370 950 2434 noui
972 2369 1013 2434 ed
1035 2371 1226 2436 seutentiam

176 2485 349 2552 adfertur:
370 2485 425 2550 sed
441 2494 539 2574 poeta
557 2485 735 2552 orationem
757 2485 940 2551 uariaturus
963 2487 997 2550 in
1012 2507 1109 2552 uersu
1122 2487 1226 2553 altero

174 2593 320 2692 ‘pathici’
339 2623 457 2668 nomen
487 2611 520 2668 et
547 2601 587 2666 ad
613 2601 812 2668 Mamurram
834 2601 929 2669 etad
951 2601 1128 2670 Caesarem
1149 2603 1227 2670 reis·

176 2719 316 2786 rendum
346 2717 492 2784 adhibuit
521 2727 556 2784 ut
577 2718 706 2786 eosdem
728 2739 809 2806 quoe
830 2719 934 2808 primo
957 2741 1053 2785 uersu
1075 2719 1227 2787 cinaedos

177 2835 401 2926 adpellauerat
435 2857 474 2900 eo
508 2835 701 2923 designaret
757 2857 872 2902 uerum
914 2847 1020 2904 tamen
1061 2837 1227 2904 hominum

176 2953 317 3020 istorum
345 2973 537 3020 consensum
565 2962 598 3019 et
622 2951 873 3020 familiaritatem
901 2975 968 3020 rem
997 2975 1068 3020 esse
1096 2977 1228 3042 promus

179 3080 449 3153 consentaneam,
481 3080 518 3135 ut
544 3079 620 3158 pote
651 3092 788 3158 quorum
816 3081 954 3158 uterque
981 3071 1078 3159 plane
1107 3071 1228 3138 eisdem

177 3185 268 3254 uitiis
299 3187 343 3253 sit
373 3195 606 3274 conspurcatus
626 3209 634 3250 :
655 3209 755 3253 unum
782 3195 907 3253 tantum
940 3187 1024 3255 inter
1055 3197 1227 3277 utrumque

178 3323 251 3370 esse
278 3301 467 3387 discrimen,
501 3325 573 3369 cnm
602 3323 668 3369 non
698 3303 810 3370 eadem
840 3304 997 3374 ambobus
1023 3307 1101 3372 urbs
1121 3307 1228 3394 patria

178 3421 221 3486 sit
253 3443 261 3486 ε
293 3419 430 3488 alterum
470 3419 554 3488 enim
595 3419 721 3488 Romae
760 3421 899 3488 alterum
934 3421 1073 3488 Formiis
1114 3432 1227 3488 ustum

179 3557 261 3603 esse.
311 3536 359 3603 ita
394 3535 463 3603 fere
499 3557 628 3603 uersum
668 3548 818 3625 quartum
857 3537 1111 3626 intellegendum
1157 3559 1227 3606 esse

178 3651 273 3720 daco.
326 3651 389 3718 hoc
424 3653 555 3742 quidem
592 3676 678 3742 nego
716 3655 915 3743 flagitiorum
952 3655 1227 3723 enumerationem

178 3769 304 3838 abhoc
331 3791 427 3837 uersu
456 3769 619 3859 incipere,
650 3781 686 3838 ut
715 3793 828 3839 sensus
855 3773 973 3840 caedat
1000 3773 1053 3840 hic
1079 3769 1226 3862 ‘primum

179 3885 308 3975 utrique
336 3886 430 3976 paria
459 3887 602 3975 flagitia,
637 3889 730 3956 alteri
761 3890 886 3957 urbana
917 3889 1009 3957 alteri
1042 3888 1227 3972 Formiana,
