3002 4490
298 357 347 407 aaa
681 351 760 403 xnn
786 314 844 402 ⁴nu
860 349 967 404 sunto

298 521 384 586 niam
405 533 433 587 ct
451 522 586 606 pretinm
605 531 781 584 consecutae
807 521 896 584 etiam
916 521 948 583 in
967 530 1163 604 pmrooormn
1184 520 1252 586 seire
1271 522 1348 586 doe-

298 639 380 703 trinn
407 637 475 702 nire
502 636 624 722 supano
649 636 779 723 circuens
808 657 964 701 numerum
995 647 1182 719 peremerat
1230 638 1286 702 scd
1314 649 1350 702 ut

295 754 415 841 papiae
435 753 633 834 inccereitati,
654 753 746 817 edum
769 756 798 816 si
814 773 935 837 pinques
956 763 984 816 at
1001 751 1118 840 pioque
1134 751 1347 838 Olymprbrum

301 870 408 958 crepidi
415 869 509 956 ferre
528 880 662 954 poseant,
683 868 772 934 solem
793 880 890 934 tamen
909 891 1002 954 coepe
1021 867 1107 950 ferre
1121 891 1182 934 noo
1194 881 1349 954 possent.-

301 993 343 1053 sic
369 987 437 1070 illc,
466 1009 535 1051 cum
553 987 640 1050 omui
657 989 717 1050 inm
738 984 869 1071 feruore
895 1007 1041 1072 prorepere
1062 972 1199 1070 functus
1223 985 1348 1054 tabem

300 1105 392 1172 etium
406 1126 535 1192 moyseos
556 1102 734 1188 excepisset,
755 1101 835 1167 ideo
851 1101 1006 1167 indictitiis
1019 1107 1094 1168 omri
1106 1101 1248 1185 (702152,
1269 1101 1348 1169 uide

300 1221 394 1289 Bruti
415 1221 457 1286 94
477 1219 554 1304 324)
576 1224 764 1286 seueritatem
777 1219 870 1304 qemi
884 1220 974 1284 solem
986 1241 1046 1284 non
1066 1220 1143 1284 sule
1184 1219 1248 1286 iam
1269 1217 1349 1286 uide

301 1359 398 1426 quam
419 1337 503 1402 bene
524 1335 566 1402 ad
587 1335 781 1401 sententiam
805 1355 901 1420 quam
922 1333 1123 1400 defendimus
1147 1336 1348 1424 conproban-

301 1452 375 1520 dum
406 1452 514 1518 omnia
541 1452 736 1538 conspirent.
790 1451 938 1516 uidemus
971 1471 1012 1515 ex
1042 1449 1209 1519 Ciceronis
1236 1453 1348 1520 uerbis

300 1569 430 1636 Anium
453 1567 699 1635 exoratoribus
728 1565 824 1634 ualde
851 1567 1066 1634 mediocribus
1085 1563 1195 1636 fuisse.
1237 1591 1348 1636 nonne

302 1708 390 1769 uero,
417 1687 444 1752 ai
471 1685 568 1752 Arrio
596 1686 716 1751 oratori
747 1684 831 1750 malo
853 1685 1081 1772 pronuntiandi
1111 1685 1190 1752 illud
1221 1685 1349 1771 uitium,
1485 1701 1486 1708 ’

302 1804 387 1890 quod
411 1801 528 1872 Oicero
549 1822 679 1891 quoque
700 1803 733 1867 in
754 1801 845 1868 libris
867 1801 908 1866 de
928 1812 1057 1870 oratore
1077 1802 1265 1890 castigauit,
1287 1802 1350 1871 Os-
1473 1835 1477 1847 r

302 1919 399 1985 tullus
420 1918 534 2001 obicit,
564 1920 666 1986 multo
687 1918 839 1986 maiorem
861 1917 926 1985 uim
948 1919 1222 2007 acerbitatemque
1241 1929 1349 1988 torum

303 2037 422 2124 accipit
451 2034 610 2102 carmen?
652 2034 768 2102 deinde
794 2032 910 2103 Cicero
938 2034 1069 2102 Arrium
1098 2037 1207 2104 infimo
1236 2047 1350 2104 natum

304 2173 374 2218 esse
402 2152 472 2218 loco
500 2151 587 2219 dicit.
630 2151 736 2239 quid?
765 2173 873 2218 nonne
900 2151 957 2217 teli
987 2171 1028 2220 ex
1059 2152 1187 2240 origine
1215 2154 1351 2220 Arrium

302 2269 391 2336 illam
412 2270 531 2335 rustice
557 2268 719 2358 aspirandi
749 2269 1014 2336 consuetudinem
1042 2268 1273 2357 adsumpsisse,
1304 2270 1351 2338 ite
1482 2303 1486 2354 ψ,

304 2397 340 2454 ut
361 2386 471 2452 similis
491 2387 631 2475 quodem
651 2385 747 2453 modo
770 2383 935 2474 Caepasiis
955 2385 1128 2471 fratribus,
1157 2385 1351 2474 quibuscum

304 2503 398 2570 simul
419 2527 439 2570 a
460 2502 619 2570 Cicerone
639 2504 840 2587 nominatur,
863 2503 1025 2591 oppidano
1053 2504 1194 2593 quodem
1209 2503 1286 2587 (hec
1300 2514 1352 2572 est

303 2616 416 2709 ‘paene
445 2615 588 2706 rustico¹)
619 2630 652 2688 et
681 2621 846 2690 incondito
877 2642 998 2708 genere
1032 2619 1161 2687 dicendi
1195 2629 1352 2705 uteretur,

306 2737 544 2827 promptissime
564 2737 748 2805 coniectura
769 2737 847 2804 eat?
873 2737 961 2804 illem
981 2759 1060 2804 nero
1081 2737 1171 2804 Arrii
1192 2737 1354 2826 originem

306 2854 457 2920 humilem
492 2875 512 2918 a
546 2853 675 2922 catullo
710 2856 858 2943 profecto
892 2875 1040 2922 caussam
1081 2855 1353 2942 pronuntiationis

306 2970 441 3038 uitiosae
464 2971 676 3040 existimatam
699 2995 770 3040 esse
789 2975 921 3040 tertium
936 2971 1087 3038 carminis
1103 2972 1275 3040 distichum
1290 2973 1356 3042 hoo

306 3087 466 3178 explicate
486 3088 652 3157 declarare
671 3090 749 3156 mihi
770 3089 901 3181 quidem
922 3089 1051 3156 uidetur
1071 3113 1079 3157 ε

459 3263 551 3330 eredo
571 3265 620 3330 sic
638 3277 746 3348 ,maten
766 3267 814 3330 sic
835 3265 933 3332 Liber
953 3267 1129 3332 auunculus
1149 3267 1226 3345 eius,

503 3383 549 3448 ra'o
567 3394 720 3448 maternus
740 3405 821 3447 auus
843 3381 969 3448 diceret
989 3396 1079 3472 atquc
1099 3384 1187 3450 auce.

308 3577 367 3621 cur
388 3557 474 3622 enim
496 3555 642 3623 Catullus
668 3578 732 3623 nnn
762 3569 899 3643 agnatos
927 3569 960 3624 et
986 3569 1145 3645 cognatos
1174 3557 1267 3625 simul
1296 3559 1356 3626 sed

309 3672 395 3739 solos
416 3685 573 3761 cognatos
595 3675 683 3741 Arrii
713 3697 768 3743 eos
796 3674 980 3763 designauit
1001 3698 1022 3741 a
1043 3675 1161 3764 quibus
1182 3673 1262 3742 illud
1283 3697 1357 3764 pro

308 3789 518 3858 nuntiationis
540 3793 655 3859 uitium
674 3793 727 3859 ille
753 3792 979 3861 bereditarium
1006 3791 1197 3880 acceperit?
1225 3791 1266 3858 de
1293 3792 1358 3860 bac

311 3929 347 3974 re
367 3908 432 3974 iam
447 3909 609 3974 Antonius
623 3909 825 3995 Parthenius,
848 3911 951 4000 quiin
966 3909 1094 3980 Catullo
1106 3911 1357 4002 interpretando
