2970 4484
351 353 427 407 vml
463 353 510 406 DE
528 353 687 407 CAESARE
705 355 751 406 ΕΤ
767 353 997 408 crassantes
1149 355 1198 406 237

158 528 206 586 est
226 521 422 608 aliquamdiu
444 521 476 586 in
492 520 601 590 Gallia
615 521 779 609 Cisalpina
795 521 885 588 fuist
926 520 1071 610 prolecto
1094 522 1200 587 omnia

157 639 291 726 egregie
313 641 506 727 conspirant
550 639 671 706 Caesar
687 640 771 705 enim
787 661 859 706 eum
873 640 981 726 priore
996 639 1200 727 expeditione
1268 639 1270 645 ⁴

155 755 342 822 Britannias
373 758 522 824 confecta
552 757 613 823 snb
636 757 741 822 dinem
773 759 851 824 anni
880 758 997 836 cessas
1025 759 1060 823 in
1088 757 1201 843 Belgis

155 875 297 940 omnium
317 875 481 963 legionum
506 875 640 941 hiberna
670 875 900 958 constituisset,
929 875 1020 941 initio
1048 877 1125 941 anni
1153 895 1200 939 se·

155 993 284 1079 quentis
310 991 344 1058 in
366 992 508 1060 Galliam
532 991 730 1079 Cisalpinam
756 992 919 1079 profectus
947 1001 1004 1057 est.
1047 991 1093 1056 ita
1115 991 1199 1056 enim

154 1107 278 1176 Caesar
303 1109 372 1197 ipse
399 1110 492 1176 initia
518 1111 592 1178 libri
613 1109 654 1175 de
677 1111 761 1176 bello
784 1107 913 1176 Gallico
935 1109 1039 1197 quinti
1059 1119 1198 1175 narrat:

152 1227 192 1291 L.
227 1228 369 1293 Domitio
398 1229 463 1314 Ap.
497 1227 625 1294 Claudio
661 1252 737 1294 ease.
775 1228 935 1312 (toalea)
970 1227 1129 1294 discedens
1161 1228 1200 1292 ab

151 1345 284 1411 attam
300 1345 418 1412 Caesar
431 1347 466 1412 r'u
482 1337 618 1428 Itnlsism,
640 1358 672 1410 ut
691 1351 847 1432 quotannis
865 1345 974 1430 fecere
991 1357 1198 1420 consueuerat,

151 1464 263 1548 lupatis
283 1467 412 1549 asperat,
434 1487 510 1551 quos
530 1465 696 1552 lepicaibus
708 1464 915 1550 praefecerat,
937 1464 988 1528 utc'
1002 1487 1092 1550 quam
1103 1463 1198 1548 pluri·

150 1593 360 1666 usurpassent
380 1581 478 1646 hieme
504 1605 598 1646 naues
625 1581 842 1666 aedificandas
868 1593 1044 1666 ueteresque
1064 1579 1198 1666 reflaren-

151 1697 211 1764 das
242 1711 383 1764 curarant
413 1747 421 1764 .
449 1746 457 1763 .
487 1750 493 1764 .
523 1749 530 1762 .
558 1700 628 1785 ipse
661 1699 857 1764 amuentibus
891 1698 1013 1763 Gallrire
1048 1699 1199 1762 citerioris

147 1816 292 1902 peractis
312 1817 347 1881 a'a
361 1814 527 1902 Illyricum
541 1818 750 1902 proficiscetur
768 1866 776 1882 .
792 1867 800 1881 .
816 1863 847 1880 ..
868 1815 917 1880 tis
939 1813 1084 1898 confectae
1104 1814 1198 1878 reduc

149 1935 400 2022 manentibusque
419 1935 558 2020 peractas
578 1935 611 2000 sir
631 1937 793 1999 citeriorem
816 1933 955 1998 Galliam
977 1937 1136 1998 raeertitur
1155 1943 1199 1996 at-

149 2075 206 2138 que
234 2051 309 2118 iude
337 2053 380 2117 ad
406 2051 570 2116 exereitum
597 2050 813 2136 proficiscitur.
856 2049 966 2137 itaque
987 2071 1052 2113 non
1075 2048 1198 2115 dubita·

149 2191 223 2236 mns
253 2167 331 2256 quin
358 2169 443 2234 intra
470 2189 595 2234 menses
616 2167 691 2233 anni
718 2166 836 2244 toalea
863 2166 985 2254 priores
1010 2166 1199 2234 Catullusa

150 2283 292 2353 Caesare
310 2285 450 2352 Galliam
464 2283 661 2372 Cisalpinam
683 2294 876 2373 peragrante
897 2286 1025 2350 ueniam
1046 2307 1197 2350 uersuum

150 2402 430 2470 acerbissimorum
451 2405 623 2490 accepisse.
665 2402 804 2491 deniqne
826 2402 903 2467 mihi
920 2402 1049 2490 quidem
1065 2401 1197 2488 diligen·

148 2522 215 2588 tius
246 2543 329 2609 quae
352 2519 526 2588 Suetonius
549 2521 588 2588 de
609 2519 733 2588 Licinio
757 2518 858 2586 Caluo
889 2520 1105 2587 satisfaciente
1126 2543 1198 2587 nar-
1269 2575 1272 2588 ,

152 2640 239 2706 rsuit
261 2639 476 2705 consideranti
497 2640 568 2704 ueri
588 2637 690 2706 simile
712 2660 783 2705 esse
803 2637 931 2704 uidetur
947 2635 1110 2704 Catullum
1124 2660 1197 2703 cum

148 2753 276 2822 Licinio
297 2755 515 2822 familiaritate
536 2755 656 2839 intima,
678 2766 714 2821 nt
735 2777 812 2822 mox
834 2755 1028 2839 uidebimus,
1050 2756 1198 2822 conisae

149 2883 219 2942 tum
241 2897 283 2940 ex
304 2873 414 2940 amicis
435 2873 534 2939 luisse
555 2873 602 2939 eis
624 2865 679 2964 qui
701 2873 874 2940 aCaesere
893 2897 952 2962 pro
974 2875 1040 2958 itto,
1062 2875 1114 2940 eui
1132 2873 1196 2940 Ro-

148 3013 221 3058 mae
243 2991 367 3056 uiuenti
386 2992 511 3058 occasio
527 2990 677 3058 Caesaris
698 2991 831 3059 uidendi
851 3002 884 3058 et
896 2992 1068 3080 mitigandi
1083 2991 1195 3074 defuit,

149 3108 279 3176 neniam
300 3110 495 3197 petiueruat.
516 3145 558 3158 -··
579 3119 721 3175 ceterum
743 3131 914 3175 caueamus
938 3131 980 3173 ne
1007 3109 1041 3174 in
1066 3131 1196 3174 excasa-

149 3227 238 3292 tione
266 3227 319 3292 ills
346 3249 444 3316 quam
473 3224 620 3293 Catullus
647 3227 724 3292 lecit
754 3225 923 3292 iudicanda
955 3226 1050 3291 nimis
1082 3247 1194 3290 seuero

150 3351 279 3410 ummur
299 3345 427 3410 indicio.
472 3343 546 3410 odia
563 3343 712 3412 Caesaris
734 3343 852 3432 quibus
874 3342 1035 3432 flagrabat
1051 3341 1196 3410 Catullus

149 3471 217 3528 tam
237 3461 387 3550 inpauide
409 3471 442 3528 et
463 3472 615 3550 proterue
635 3462 779 3527 elocutus
800 3470 870 3527 erat
891 3469 927 3527 ut
949 3460 1004 3526 uix
1025 3459 1195 3548 quisquam

150 3577 367 3666 inperatorem
386 3578 644 3667 potentissimum
660 3580 844 3666 uituperare
865 3587 992 3666 posset,
1020 3579 1046 3642 si
1067 3587 1194 3665 poetam

149 3696 285 3782 perdere
300 3697 465 3763 uoluisset.
510 3697 566 3764 sed
588 3695 710 3764 Caesar
722 3699 868 3784 quamuis
883 3695 1115 3763 contumeliosa
1128 3696 1195 3761 eius

149 3822 183 3879 et
206 3809 299 3880 Calui
320 3815 466 3882 earmina
494 3813 716 3881 molestissime
743 3815 854 3899 ferret,
882 3825 1006 3899 tamen,
1035 3837 1100 3902 qua
1127 3824 1196 3878 erat
