2954 4492
443 361 469 413 V
502 361 552 415 DE
568 361 749 416 Auoumvs
768 361 920 416 curvum
1161 368 1210 416 117

156 539 261 596 matre
284 527 494 595 commissum
516 528 640 596 incesta
661 527 725 594 duo
749 529 812 595 ulia
833 550 905 595 oum
928 551 1040 596 sorore
1058 552 1213 616 germana

157 655 192 712 et
221 645 332 734 patrui
370 665 476 710 uxore
510 644 544 710 iu
574 641 684 711 Gellio
710 669 730 712 a
759 643 887 712 Catullo
919 645 1212 734 reprehenduntur.

158 762 247 828 bunc
266 769 420 848 patruum
443 759 601 828 Octauius
615 761 839 848 Pantagathus
854 762 944 828 illurn
965 762 1070 851 ipsum
1085 763 1213 852 putauit

161 877 308 945 Gellium
346 877 546 945 Publicolam
583 878 702 962 fuisse,
745 877 786 944 do
814 899 878 966 quo
910 901 930 944 a
962 877 1121 946 Cicerone
1152 902 1211 967 pro

159 993 270 1062 Sestio
292 995 408 1061 acerbe
429 1003 568 1061 tractato
583 995 719 1083 nosipsi
733 1017 832 1082 supra
846 993 976 1084 longius
991 995 1212 1080 dissernimus,

157 1112 207 1178 ita
234 1121 271 1177 ut
295 1109 333 1176 L.
362 1109 489 1178 Gellius
517 1112 629 1178 consul
659 1112 777 1190 682272
803 1113 904 1179 frater
933 1109 1032 1178 Gellii
1062 1112 1213 1180 (llodiani

156 1227 275 1312 fuerit,
301 1250 400 1315 quam
426 1229 618 1294 sententiam
639 1226 668 1294 si
687 1227 879 1315 probamus,
908 1237 945 1294 ut
973 1237 1103 1317 praeter
1130 1227 1211 1295 alios

156 1344 370 1410 Drumannus
396 1345 442 1430 (ιιι
464 1344 519 1430 67)
542 1354 576 1411 et
600 1341 745 1411 Orellius
768 1345 891 1430 (onom.
913 1345 1000 1411 Tull.
1022 1369 1054 1434 p.
1076 1345 1153 1430 270)
1175 1366 1211 1410 re

156 1483 239 1527 uere
258 1461 456 1548 probarunt,
492 1483 576 1528 uxor
605 1461 757 1527 libertina
789 1461 889 1529 Gellii
910 1461 1075 1546 Clodiani,
1110 1485 1208 1550 quam

157 1575 276 1643 Cicero
308 1599 367 1665 pro
400 1574 508 1644 Sestio
539 1577 824 1662 commemorauit,
862 1571 982 1665 ‘patrui
1011 1572 1105 1644 uxor'
1136 1578 1208 1662 fuit,

156 1715 299 1784 quacum
321 1693 449 1762 Gellius
470 1694 583 1760 consul
604 1693 722 1771 718136
749 1694 938 1761 adulescens
967 1695 1208 1762 moechabatur.

154 1821 300 1878 ceterum
328 1831 396 1876 non
421 1831 579 1896 negamus
601 1809 772 1876 discrimen
794 1811 863 1876 fere
883 1809 1018 1896 triginta
1038 1831 1207 1895 annorum,

155 1928 247 2018 quod
260 1927 346 1993 inter
362 1935 502 1993 aetatem
518 1925 700 1994 Gelliorum
713 1927 850 1993 fratrum
865 1925 1036 1994 intercedit
1050 1927 1208 2014 (Gellium

155 2043 322 2112 consulem
343 2043 462 2121 682172
483 2042 570 2109 circa
590 2065 619 2109 a
642 2043 782 2122 6161138
804 2053 836 2110 et
860 2042 1003 2112 Gellium
1025 2043 1133 2112 Clodii
1156 2045 1209 2110 ad·

154 2161 276 2230 serlum
298 2160 386 2226 cirea
413 2184 442 2226 a
463 2159 602 2238 648l106
634 2170 744 2227 natum
773 2182 845 2226 osse
868 2181 966 2249 snpra
994 2185 1026 2250 p.
1053 2162 1209 2228 107.112

153 2280 220 2368 ipsi
249 2276 472 2366 exposuimus)
500 2299 605 2366 poene
633 2278 737 2344 maius
767 2277 869 2344 uideri
899 2301 997 2367 quam
1026 2287 1063 2344 nt
1091 2279 1209 2346 fratres

154 2394 271 2464 baberi
298 2395 439 2483 possint,
471 2393 531 2460 nisi
561 2394 647 2460 sorte
675 2402 817 2461 statuere
846 2396 982 2462 uelimus
1013 2397 1137 2464 duabus
1166 2417 1207 2462 ex

154 2511 315 2580 matribus
337 2532 392 2577 eos
412 2534 434 2577 a
453 2509 493 2579 L.
517 2509 625 2578 Gellio
646 2513 773 2599 genitos
795 2534 875 2578 osse.

240 2629 478 2718 Posteaquam
501 2627 675 2716 disputatio
704 2630 867 2696 nostruin
890 2628 1007 2696 Galliis
1028 2628 1208 2697 describen-

154 2747 204 2814 dis
226 2757 261 2814 et
282 2745 503 2812 discernendis
525 2767 629 2833 paene
649 2745 744 2813 nimis
766 2746 821 2813 diu
842 2747 969 2832 institit,
991 2747 1055 2814 iam
1075 2747 1207 2814 tandem

152 2862 335 2955 aliquando
366 2862 519 2951 progredi
547 2862 633 2930 licet
674 2852 814 2951 primurn
845 2885 974 2930 carmen
1003 2883 1117 2930 Lxxxv
1145 2864 1207 2930 hoo

150 3005 220 3050 uno
245 2979 386 3048 disticho
408 2987 602 3068 conceptum
624 2977 816 3064 adferemus,

260 3158 332 3225 Odi
352 3171 379 3224 et
398 3181 476 3224 omo.
514 3180 609 3244 querc
628 3156 667 3222 id
676 3156 808 3244 facicm
821 3156 961 3244 fortusse
981 3158 1122 3245 require.

307 3275 418 3354 nesesb,
442 3273 498 3340 sod
509 3273 593 3360 ficri
610 3275 709 3340 ceratio
730 3283 758 3339 et
778 3275 966 3340 excrucior:

149 3479 219 3523 non
242 3473 310 3542 quo
333 3451 530 3519 arbitremur
543 3451 605 3518 boc
620 3451 821 3539 epigramma
841 3451 928 3518 nullo
943 3450 1019 3518 libri
1032 3449 1206 3520 Catulliani

150 3572 300 3640 carmine
322 3567 386 3636 elio
406 3567 599 3656 interposito
624 3592 644 3635 a
661 3579 757 3657 poeto
771 3567 952 3636 Veronensi
966 3579 1042 3656 post
1056 3569 1207 3636 Gallione

150 3687 360 3776 conpositum
390 3705 476 3768 esse,
510 3683 566 3750 scd
588 3694 625 3750 ut
653 3694 728 3772 post
755 3683 988 3773 digressionem
1014 3686 1205 3774 longiorem,

152 3827 251 3896 quam
273 3803 316 3871 de
347 3800 464 3870 Gelliis
492 3801 599 3869 iacere
630 3801 844 3887 debebamus,
877 3803 1058 3870 acarmino
1079 3803 1206 3870 initium

151 3921 314 4012 pergendi
353 3918 520 4007 capiamus
560 3917 645 4008 quod
681 3940 737 3984 cos
766 3918 822 4008 qui
849 3917 929 3987 boec
957 3919 1068 4008 legent
1096 3919 1204 3986 stetim
