2954 4492
436 361 460 411 V
495 361 543 412 Da
561 357 740 414 AMORIBVS
758 358 913 412 cnutum
1148 365 1193 417 101

156 549 340 594 censeamus
371 527 489 616 quibus
526 548 623 614 supra
655 527 768 614 pulcra
799 524 949 593 Clodium
985 529 1067 594 facie
1101 529 1200 595 fuisse

156 644 453 712 demonstrauimus.

231 763 302 829 Iam
333 761 574 830 difficultatibus
603 761 752 828 omnibus
791 763 922 828 remotis
956 762 1199 850 epigrammatis

156 899 298 964 uxxvuu,
320 901 340 946 a
361 901 427 968 quo
451 879 693 966 interpretando
715 879 837 967 egressi
859 901 994 963 eramus,
1018 901 1145 944 sensum
1168 891 1201 946 et

155 995 242 1083 quusi
273 1017 410 1062 acumen
431 997 543 1083 paucis
571 995 680 1063 uerbis
708 996 875 1084 explicare
897 995 980 1062 licet.
1016 991 1199 1081 ‘Clodium,

154 1113 257 1202 inquit
284 1111 455 1196 Catullus,
488 1106 693 1201 ‘quamquam
715 1123 748 1179 et
769 1112 899 1179 nomine
930 1122 964 1179 et
984 1113 1066 1179 facio
1088 1115 1201 1202 pulcer

152 1239 199 1296 cst
219 1240 251 1296 et
272 1230 334 1296 hac
350 1229 390 1296 de
412 1252 525 1297 caussa
541 1253 560 1295 a
574 1229 689 1296 Clodia
707 1228 834 1296 Catullo
850 1230 1070 1318 praeponitur,
1092 1240 1201 1297 tamen

151 1356 276 1435 praeter
304 1345 453 1416 Clodiam
486 1367 580 1412 nemo
607 1356 702 1412 natus
734 1347 798 1428 (est
836 1348 920 1412 enim
949 1370 1021 1412 cum
1054 1347 1199 1436 Hauptio

150 1477 288 1530 noanon
310 1464 500 1550 legendum)
523 1448 702 1540 osculatur,
735 1485 845 1530 omnes
878 1465 961 1529 enim
992 1463 1062 1531 eius
1091 1489 1127 1532 os
1154 1467 1200 1532 in·

150 1603 263 1668 purum
283 1571 437 1670 lugiunt’.

228 1695 385 1764 Carmine
407 1718 540 1764 uxxvuu
563 1697 731 1786 'explicato
759 1707 870 1786 aptum
902 1697 1031 1764 uidetur
1061 1721 1130 1764 esse
1160 1699 1200 1765 de

148 1809 342 1882 carminibus
373 1826 498 1903 septem
530 1837 615 1905 quae
647 1817 680 1882 in
714 1815 859 1882 Gellium
890 1815 1051 1905 quendam
1082 1815 1201 1904 scripta

150 1943 221 2000 sunt
248 1957 356 2023 pauca
384 1955 561 2022 exponere,
594 1955 666 1999 cum
689 1955 728 2000 ea
748 1933 861 1999 eodem
882 1934 949 1998 fere
972 1941 1116 2020 tempore
1134 1956 1199 2021 quo

150 2051 379 2138 praecedentia
408 2051 575 2140 conposita
596 2061 629 2117 et
654 2050 694 2116 ad
719 2049 839 2118 Catulli
860 2061 893 2116 et
921 2049 1053 2118 Clodiae
1074 2073 1200 2118 amores

150 2168 219 2257 ipsa
234 2192 366 2258 quoque
383 2169 553 2234 referenda
571 2190 642 2234 esse
656 2171 765 2234 omnia
783 2169 1012 2235 demonstrent
1035 2170 1201 2257 quaeritur

151 2295 256 2354 autem
270 2286 345 2373 quis
362 2286 488 2353 Gellius
503 2285 641 2352 fueritis
656 2307 751 2374 quem
767 2283 914 2352 Catullus
928 2287 1123 2352 carminibus
1138 2286 1201 2352 illis

151 2402 335 2492 uestigauit.
365 2425 429 2492 qus
445 2402 485 2468 de
506 2425 542 2470 re
564 2403 654 2491 prius
668 2425 765 2491 quam
785 2401 971 2469 adcuratius
990 2402 1200 2490 disputamus,

149 2543 212 2586 non
233 2521 325 2587 nulla
345 2519 387 2586 de
407 2519 602 2587 carminibus
624 2520 700 2608 ipsis
722 2520 859 2588 dicenda
880 2530 972 2603 sunt,
1004 2530 1040 2585 ut
1063 2543 1146 2608 quae
1169 2530 1201 2586 ct

151 2639 257 2727 qualia
279 2639 380 2704 insint
401 2649 499 2728 atque
520 2659 584 2726 quo
608 2638 720 2705 ordine
741 2648 774 2704 et
795 2659 890 2727 quem
914 2636 955 2703 ad
970 2639 1067 2704 finem
1082 2639 1202 2726 scripta

149 2755 212 2822 sint
241 2757 380 2823 eluceat.
423 2755 549 2824 Gellius
582 2756 684 2842 igitur
716 2754 769 2822 ille
802 2756 997 2843 quicumque
1033 2757 1096 2822 fuit
1127 2779 1200 2820 cum

151 2873 269 2941 Lesbis
297 2874 523 2940 commercium
553 2872 718 2961 quoddam
738 2873 925 2961 inpudicum
947 2873 1066 2940 babuit
1110 2873 1200 2960 quod

149 3013 221 3057 cum
253 2989 404 3060 Catullus
435 2990 643 3079 cognouissct
674 3011 813 3080 cumque
844 2989 1056 3056 intellexisset
1089 3011 1200 3055 omnes

149 3129 262 3195 preces
294 3117 327 3173 et
357 3108 497 3174 studium
528 3129 622 3174 omne
652 3131 671 3174 a
699 3131 735 3173 se
764 3109 797 3173 in
828 3129 866 3174 eo
899 3107 964 3173 fine
997 3109 1200 3173 conlocatum

150 3234 186 3290 ut
204 3223 334 3292 Gellius
363 3223 514 3292 Lesbiam
542 3247 650 3291 amare
673 3224 860 3309 desisteret,
891 3225 1010 3290 frustra
1031 3223 1093 3290 sibi
1126 3246 1201 3290 con·

150 3353 315 3432 sumptum
343 3363 434 3426 esso,
467 3343 565 3407 immo
598 3363 671 3408 oum
704 3365 742 3408 co
775 3343 966 3408 insolentiae
986 3362 1125 3430 nequam
1149 3341 1201 3408 ille

149 3459 244 3528 bomo
266 3460 479 3547 processisset
499 3470 536 3526 ut
557 3459 720 3528 Catullum
742 3461 882 3547 turpiter
903 3483 923 3523 a
938 3457 1059 3526 Lesbia
1080 3461 1202 3548 perfida

151 3575 312 3646 desertum
335 3577 559 3655 cauillaretur,
591 3587 688 3666 poeta
710 3599 831 3665 poenas
858 3575 1065 3664 grauissimas
1085 3578 1126 3643 ab
1147 3577 1201 3642 illo

149 3717 205 3784 pro
227 3719 263 3762 se
277 3705 432 3783 capturus
447 3693 593 3762 Gellium
614 3693 854 3783 epigrammatis
870 3715 968 3781 quam
989 3695 1200 3762 acerbissimis

149 3813 319 3881 concidere
341 3810 428 3900 apud
449 3833 484 3878 se
505 3811 680 3878 constituit.
724 3812 803 3878 haec
826 3834 910 3901 quse
925 3811 992 3878 dixi
1009 3813 1043 3878 in
1058 3811 1200 3878 carmine

149 3949 224 3999 cxv!
248 3931 353 4018 Saepe
367 3931 427 3997 tsbs'
445 3931 579 3996 mediceo
599 3929 702 3997 animo
723 3943 851 3996 cenante
863 3931 1028 4017 requirens
1049 3928 1090 3996 ab
1105 3929 1200 3994 inter-
