2920 4492
399 387 454 442 1111
487 389 535 442 Dll
552 389 732 444 moninus
749 389 901 443 CATVLL!
1144 391 1179 443 tt

133 554 170 620 da
189 555 248 622 han
268 577 304 622 re
325 555 417 622 uarie
437 556 671 623 iudicauerunt.
713 555 766 623 alii
788 565 891 623 totam
911 555 998 622 hano
1020 558 1180 645 quaestio·

132 693 200 738 uem
220 673 448 760 neglexerunt,
472 672 581 756 ueluti,
603 683 640 738 ut
658 673 858 760 antiquiores
872 683 1006 756 taceam,
1029 682 1062 738 ot
1076 673 1176 740 Bern-

132 787 254 853 hardius
291 789 382 874 (hiat.
414 789 474 855 litt
508 789 602 854 Rom
631 811 663 875 p.
688 790 766 871 514)
799 799 831 854 et
863 787 1082 874 Malloniae,
1120 790 1176 878 qui

131 925 321 994 quamquam
344 906 385 971 de
406 907 524 972 amoris
547 904 667 972 Catulli
696 915 729 971 et
748 903 887 971 Lesbiae
909 907 1049 972 deouran
1070 907 1176 995 paullo

130 1021 240 1087 rectius
263 1044 365 1111 quam
385 1022 476 1112 priua
491 1023 615 1088 factum
637 1029 708 1088 erat
727 1021 893 1106 indicauit,
915 1033 1024 1088 tamen
1045 1023 1087 1089 de
1102 1023 1178 1089 Lea·

130 1136 198 1204 biae
230 1139 361 1205 nomino
391 1140 519 1227 origiue
550 1159 688 1226 persona
722 1138 801 1204 nilril
827 1137 891 1205 nisi
919 1160 1038 1206 nomen
1065 1139 1177 1206 fiotum

131 1275 197 1320 esse
225 1254 326 1340 dixit,
360 1257 402 1321 oi.
431 1265 600 1320 oomment
631 1254 720 1321 asad.
749 1254 930 1321 Meuania
959 1279 990 1321 ιιι
1011 1257 1179 1322 691-716

130 1390 158 1432 ιι
178 1392 197 1433 ιι
218 1371 290 1436 2Π.
336 1371 390 1437 alii
410 1372 563 1439 Lesbiam
586 1369 706 1438 Catulli
737 1371 905 1440 mulierem
932 1372 1063 1440 aliunde
1084 1373 1178 1440 uobis

131 1497 231 1553 notam
254 1499 378 1554 certam
401 1510 471 1554 enas
491 1499 706 1576 negauerunt.
751 1489 796 1554 aio
824 1499 858 1555 ut
887 1490 999 1578 paucis
1020 1491 1177 1578 exemplis

130 1599 305 1692 defungar,
338 1603 477 1671 Loersio
504 1606 560 1688 (ad
590 1603 700 1672 Ouidii
723 1606 827 1672 tristia
849 1630 880 1695 p.
902 1607 980 1691 204)
1010 1606 1041 1672 ei
1059 1630 1176 1673 uanam

130 1717 202 1785 dare
232 1743 367 1809 operam
400 1723 552 1788 uidentur
583 1723 637 1810 qui
670 1744 753 1811 quae
785 1723 905 1790 cauni
939 1723 1044 1789 amica
1079 1724 1177 1790 luerit

130 1838 240 1904 curiosi
270 1849 452 1928 quaerunt,
486 1839 602 1906 similia
632 1839 791 1905 Manlius
818 1839 852 1906 in
884 1839 1177 1906 remittuntur

130 1953 185 2019 178
211 1957 395 2044 profitetur.
448 1954 686 2044 Hartabergius
719 1966 827 2022 autem
858 1959 997 2045 (quaeat.
1027 1957 1175 2046 Propert-

127 2093 156 2158 p.
175 2073 230 2156 34)
251 2095 328 2138 oum
357 2073 513 2139 Paldamo
537 2073 593 2158 (do
614 2074 705 2162 poesi
728 2084 824 2140 amat.
847 2097 879 2161 p.
901 2073 957 2158 30)
987 2075 1021 2140 in
1048 2076 1176 2140 uniuer-

127 2211 194 2254 snrn
214 2191 359 2256 sentiens
381 2189 531 2256 Lesbiam
560 2189 743 2259 libertinam
766 2191 819 2256 uel
840 2213 967 2256 aeream
988 2192 1088 2257 fnisse
1110 2191 1174 2280 opi·

126 2317 217 2371 natur
236 2329 361 2394 magne
383 2307 464 2372 haee
479 2328 560 2374 uoee
574 2307 776 2395 proclamans
790 2307 914 2393 perdide
928 2305 1045 2373 Lesbia
1059 2309 1174 2392 diaeta,

126 2443 199 2508 quae
219 2429 362 2511 quamtus
379 2421 493 2489 Gnate·
512 2423 626 2489 olnra'a
644 2425 814 2490 inmortalia
819 2423 913 2510 furtu
934 2419 979 2490 ‘in
999 2427 1176 2514 onpr'portr'e

125 2539 240 2627 pluspart
265 2541 483 2626 maqtaana‘mm
508 2540 603 2605 Remi
628 2535 782 2626 rrepotea'?
823 2540 942 2606 Zelliue
964 2540 1103 2626 denique
1126 2541 1173 2624 (lu

127 2655 237 2722 libellis
265 2681 327 2746 per
357 2657 456 2724 ferias
486 2657 616 2746 scriptia
643 2657 751 2738 1129)
782 2656 891 2723 neseio
924 2656 1008 2723 unde
1040 2659 1174 2724 edoctus

127 2768 269 2839 Clodiam
306 2773 440 2840 Verona
475 2773 644 2841 oriundam
681 2772 802 2841 Catulli
844 2773 1033 2862 popularem
1073 2775 1174 2840 fuisse

126 2902 241 2957 namet
496 2879 502 2890 ⁸

203 3005 329 3074 Contra
360 3008 425 3073 iam
456 3005 575 3074 Petrus
604 3005 767 3073 Victorius
804 3005 966 3074 uariarum
1000 3006 1173 3073 lectionum

126 3143 177 3187 ιιι
201 3127 217 3188 l
240 3135 275 3190 et
296 3123 444 3190 Muretus
465 3123 507 3190 ad
529 3145 657 3190 carmen
680 3129 757 3190 avril
780 3135 814 3189 et
835 3121 957 3191 Statius
979 3122 1021 3191 ad
1043 3145 1172 3190 carmen

126 3237 204 3306 idem
227 3252 260 3307 et
289 3241 322 3306 in
353 3241 518 3329 prooemio
548 3241 581 3306 id
603 3242 689 3328 quod
709 3263 769 3308 nos
793 3239 924 3329 quidem
945 3261 1059 3306 uerum
1081 3251 1172 3329 puta·

126 3377 192 3424 mus
213 3357 435 3445 dispexerunt,
466 3379 661 3444 quamquam
684 3355 808 3424 Statius
828 3357 862 3422 in
885 3377 923 3422 oo
942 3357 1064 3426 fallitur
1085 3359 1171 3447 quod

126 3475 191 3540 neri
228 3485 348 3542 testem
381 3471 550 3541 Sidonium
583 3475 801 3563 Apollinarem
833 3474 969 3564 profert.
1022 3477 1079 3563 qui
1114 3475 1173 3542 etsi

127 3587 285 3658 catullum
308 3591 360 3656 bis
382 3591 524 3679 (epistol.
541 3615 559 3656 ιι
576 3593 615 3656 10
629 3615 660 3678 p.
674 3591 737 3656 900
752 3593 801 3657 ed.
818 3589 915 3658 sum.
937 3601 970 3656 et
991 3613 1087 3657 earm.
1108 3613 1170 3657 vnn

126 3703 198 3792 263)
225 3719 259 3775 et
286 3707 442 3773 Lesbiam
469 3708 569 3773 semel
598 3707 739 3794 (epistol.
767 3707 787 3772 l.
821 3709 864 3788 o.)
898 3709 1171 3789 commemorauit,

128 3831 229 3891 umen
252 3826 294 3892 de
316 3823 458 3890 Lesbiae
478 3824 608 3890 nomine
636 3845 715 3889 uero
740 3834 774 3890 et
796 3823 920 3911 origine
941 3823 1020 3890 nihil
1041 3823 1172 3888 omnino

126 3944 274 4012 retranit.
331 3961 446 4010 uerum
480 3941 565 4014 euius
599 3961 678 4014 uero
712 3961 783 4010 oum
818 3940 864 4006 illi
896 3939 956 4006 uiri
996 3938 1173 4012 doctissimi
