<?xml version="1.0" encoding="UTF-8"?>
<!DOCTYPE html PUBLIC "-//W3C//DTD XHTML 1.0 Transitional//EN"
    "http://www.w3.org/TR/xhtml1/DTD/xhtml1-transitional.dtd">
<html xmlns="http://www.w3.org/1999/xhtml" xml:lang="en" lang="en">
 <head>
  <title>
</title>
<meta http-equiv="Content-Type" content="text/html;charset=utf-8" />
  <meta name='ocr-system' content='tesseract 3.04.00' />
  <meta name='ocr-capabilities' content='ocr_page ocr_carea ocr_par ocr_line ocrx_word'/>
</head>
<body>
  <div class='ocr_page' id='page_1' title='image "./gvalericatvllil00schwgoog_0151.png"; bbox 0 0 2954 4492; ppageno 0'>
   <div class='ocr_carea' id='block_1_1' title="bbox 269 329 1039 386">
    <p class='ocr_par' dir='ltr' id='par_1_1' title="bbox 269 329 1039 386">
     <span class='ocr_line' id='line_1_1' title="bbox 269 329 1039 386; baseline 0.003 -4"><span class='ocrx_word' id='word_1_1' title='bbox 269 333 318 386; x_wconf 72' lang='lat'>1⁸0</span> <span class='ocrx_word' id='word_1_2' title='bbox 551 329 589 382; x_wconf 86' lang='lat' dir='ltr'>Vl</span> <span class='ocrx_word' id='word_1_3' title='bbox 623 331 672 384; x_wconf 77' lang='lat' dir='ltr'>Du</span> <span class='ocrx_word' id='word_1_4' title='bbox 688 330 867 384; x_wconf 72' lang='lat' dir='ltr'>luteumve</span> <span class='ocrx_word' id='word_1_5' title='bbox 885 330 1039 385; x_wconf 70' lang='lat' dir='ltr'>curvum</span> 
     </span>
    </p>
   </div>
   <div class='ocr_carea' id='block_1_2' title="bbox 263 497 1330 3986">
    <p class='ocr_par' dir='ltr' id='par_1_2' title="bbox 263 497 1330 3986">
     <span class='ocr_line' id='line_1_2' title="bbox 265 497 1316 585; baseline 0.004 -21"><span class='ocrx_word' id='word_1_6' title='bbox 265 497 419 565; x_wconf 88' lang='lat' dir='ltr'>Lesbiam</span> <span class='ocrx_word' id='word_1_7' title='bbox 434 498 564 565; x_wconf 86' lang='lat' dir='ltr'>amabat</span> <span class='ocrx_word' id='word_1_8' title='bbox 578 520 676 585; x_wconf 86' lang='lat' dir='ltr'>supra</span> <span class='ocrx_word' id='word_1_9' title='bbox 691 497 870 582; x_wconf 76' lang='lat' dir='ltr'>docuimus,</span> <span class='ocrx_word' id='word_1_10' title='bbox 885 499 968 566; x_wconf 88' lang='lat' dir='ltr'>inter</span> <span class='ocrx_word' id='word_1_11' title='bbox 979 499 1037 566; x_wconf 82' lang='lat' dir='ltr'>hae</span> <span class='ocrx_word' id='word_1_12' title='bbox 1048 521 1194 565; x_wconf 88' lang='lat' dir='ltr'>amorum</span> <span class='ocrx_word' id='word_1_13' title='bbox 1206 499 1316 568; x_wconf 82' lang='lat' dir='ltr'>Catul-</span> 
     </span>
     <span class='ocr_line' id='line_1_3' title="bbox 265 615 1314 706; baseline 0.001 -24"><span class='ocrx_word' id='word_1_14' title='bbox 265 616 428 682; x_wconf 89' lang='lat' dir='ltr'>lianorum</span> <span class='ocrx_word' id='word_1_15' title='bbox 448 615 605 703; x_wconf 79' lang='lat' dir='ltr'>primitias</span> <span class='ocrx_word' id='word_1_16' title='bbox 626 624 660 682; x_wconf 88' lang='lat' dir='ltr'>et</span> <span class='ocrx_word' id='word_1_17' title='bbox 688 615 781 681; x_wconf 86' lang='lat' dir='ltr'>initia</span> <span class='ocrx_word' id='word_1_18' title='bbox 813 615 931 682; x_wconf 87' lang='lat' dir='ltr'>amoris</span> <span class='ocrx_word' id='word_1_19' title='bbox 952 615 1036 682; x_wconf 88' lang='lat' dir='ltr'>illius</span> <span class='ocrx_word' id='word_1_20' title='bbox 1057 616 1219 705; x_wconf 86' lang='lat' dir='ltr'>primarii,</span> <span class='ocrx_word' id='word_1_21' title='bbox 1249 638 1314 706; x_wconf 89' lang='lat' dir='ltr'>quo</span> 
     </span>
     <span class='ocr_line' id='line_1_4' title="bbox 265 731 1315 820; baseline 0.001 -22"><span class='ocrx_word' id='word_1_22' title='bbox 265 732 418 799; x_wconf 76' lang='lat' dir='ltr'>Lesbiam</span> <span class='ocrx_word' id='word_1_23' title='bbox 441 731 580 820; x_wconf 76' lang='lat' dir='ltr'>deperiit</span> <span class='ocrx_word' id='word_1_24' title='bbox 600 731 758 816; x_wconf 80' lang='lat' dir='ltr'>Catullus,</span> <span class='ocrx_word' id='word_1_25' title='bbox 781 732 972 800; x_wconf 84' lang='lat' dir='ltr'>decennium</span> <span class='ocrx_word' id='word_1_26' title='bbox 986 734 1209 800; x_wconf 87' lang='lat' dir='ltr'>iuteriaouisse</span> <span class='ocrx_word' id='word_1_27' title='bbox 1224 755 1315 820; x_wconf 84' lang='lat' dir='ltr'>aper·</span> 
     </span>
     <span class='ocr_line' id='line_1_5' title="bbox 264 847 1313 934; baseline 0.001 -19"><span class='ocrx_word' id='word_1_28' title='bbox 264 859 334 915; x_wconf 88' lang='lat' dir='ltr'>tum</span> <span class='ocrx_word' id='word_1_29' title='bbox 355 859 414 915; x_wconf 85' lang='lat' dir='ltr'>est.</span> <span class='ocrx_word' id='word_1_30' title='bbox 457 847 548 915; x_wconf 87' lang='lat' dir='ltr'>ouius</span> <span class='ocrx_word' id='word_1_31' title='bbox 568 847 615 916; x_wconf 87' lang='lat' dir='ltr'>rei</span> <span class='ocrx_word' id='word_1_32' title='bbox 637 850 758 916; x_wconf 86' lang='lat' dir='ltr'>mentio</span> <span class='ocrx_word' id='word_1_33' title='bbox 781 871 853 916; x_wconf 88' lang='lat' dir='ltr'>eum</span> <span class='ocrx_word' id='word_1_34' title='bbox 875 850 994 916; x_wconf 79' lang='lat' dir='ltr'>iniecta</span> <span class='ocrx_word' id='word_1_35' title='bbox 1021 850 1081 934; x_wconf 86' lang='lat' dir='ltr'>ait,</span> <span class='ocrx_word' id='word_1_36' title='bbox 1112 851 1220 916; x_wconf 81' lang='lat' dir='ltr'>faeere</span> <span class='ocrx_word' id='word_1_37' title='bbox 1249 873 1313 918; x_wconf 90' lang='lat' dir='ltr'>non</span> 
     </span>
     <span class='ocr_line' id='line_1_6' title="bbox 266 965 1313 1056; baseline -0.001 -23"><span class='ocrx_word' id='word_1_38' title='bbox 266 989 436 1054; x_wconf 83' lang='lat' dir='ltr'>possumus</span> <span class='ocrx_word' id='word_1_39' title='bbox 457 967 536 1055; x_wconf 89' lang='lat' dir='ltr'>quin</span> <span class='ocrx_word' id='word_1_40' title='bbox 559 965 680 1054; x_wconf 84' lang='lat' dir='ltr'>aliquid</span> <span class='ocrx_word' id='word_1_41' title='bbox 702 966 789 1055; x_wconf 90' lang='lat' dir='ltr'>quod</span> <span class='ocrx_word' id='word_1_42' title='bbox 811 967 930 1033; x_wconf 88' lang='lat' dir='ltr'>nostris</span> <span class='ocrx_word' id='word_1_43' title='bbox 952 966 993 1032; x_wconf 88' lang='lat' dir='ltr'>de</span> <span class='ocrx_word' id='word_1_44' title='bbox 1009 967 1206 1056; x_wconf 70' lang='lat' dir='ltr'>temporibus</span> <span class='ocrx_word' id='word_1_45' title='bbox 1227 989 1313 1033; x_wconf 88' lang='lat' dir='ltr'>amo-</span> 
     </span>
     <span class='ocr_line' id='line_1_7' title="bbox 264 1082 1313 1173; baseline 0 -23"><span class='ocrx_word' id='word_1_46' title='bbox 264 1105 336 1149; x_wconf 86' lang='lat' dir='ltr'>rum</span> <span class='ocrx_word' id='word_1_47' title='bbox 364 1093 397 1150; x_wconf 87' lang='lat' dir='ltr'>et</span> <span class='ocrx_word' id='word_1_48' title='bbox 424 1084 464 1150; x_wconf 82' lang='lat' dir='ltr'>(le</span> <span class='ocrx_word' id='word_1_49' title='bbox 491 1093 599 1152; x_wconf 82' lang='lat' dir='ltr'>aetate</span> <span class='ocrx_word' id='word_1_50' title='bbox 627 1082 747 1150; x_wconf 84' lang='lat' dir='ltr'>Catulli</span> <span class='ocrx_word' id='word_1_51' title='bbox 785 1085 951 1150; x_wconf 87' lang='lat' dir='ltr'>sententiis</span> <span class='ocrx_word' id='word_1_52' title='bbox 985 1082 1144 1173; x_wconf 79' lang='lat' dir='ltr'>quispiam</span> <span class='ocrx_word' id='word_1_53' title='bbox 1171 1085 1313 1152; x_wconf 71' lang='lat' dir='ltr'>fortasse</span> 
     </span>
     <span class='ocr_line' id='line_1_8' title="bbox 264 1201 1312 1291; baseline 0 -23"><span class='ocrx_word' id='word_1_54' title='bbox 264 1223 428 1290; x_wconf 88' lang='lat' dir='ltr'>opponere</span> <span class='ocrx_word' id='word_1_55' title='bbox 449 1201 537 1284; x_wconf 87' lang='lat' dir='ltr'>uelit,</span> <span class='ocrx_word' id='word_1_56' title='bbox 560 1201 825 1289; x_wconf 81' lang='lat' dir='ltr'>praeoccupando</span> <span class='ocrx_word' id='word_1_57' title='bbox 840 1201 1036 1268; x_wconf 82' lang='lat' dir='ltr'>refellamus.</span> <span class='ocrx_word' id='word_1_58' title='bbox 1080 1223 1178 1289; x_wconf 84' lang='lat' dir='ltr'>supra</span> <span class='ocrx_word' id='word_1_59' title='bbox 1193 1203 1240 1291; x_wconf 93' lang='lat' dir='ltr'>(p.</span> <span class='ocrx_word' id='word_1_60' title='bbox 1255 1203 1312 1286; x_wconf 85' lang='lat'>46)</span> 
     </span>
     <span class='ocr_line' id='line_1_9' title="bbox 264 1316 1313 1407; baseline -0.001 -22"><span class='ocrx_word' id='word_1_61' title='bbox 264 1317 405 1385; x_wconf 85' lang='lat' dir='ltr'>diximus</span> <span class='ocrx_word' id='word_1_62' title='bbox 425 1316 668 1384; x_wconf 76' lang='lat' dir='ltr'>Lachmannum</span> <span class='ocrx_word' id='word_1_63' title='bbox 691 1319 869 1406; x_wconf 88' lang='lat' dir='ltr'>Hauptium</span> <span class='ocrx_word' id='word_1_64' title='bbox 891 1319 1080 1407; x_wconf 83' lang='lat' dir='ltr'>Helbigium</span> <span class='ocrx_word' id='word_1_65' title='bbox 1103 1317 1181 1385; x_wconf 85' lang='lat' dir='ltr'>alios</span> <span class='ocrx_word' id='word_1_66' title='bbox 1196 1317 1313 1384; x_wconf 88' lang='lat' dir='ltr'>Hiero-</span> 
     </span>
     <span class='ocr_line' id='line_1_10' title="bbox 265 1434 1313 1524; baseline 0.002 -24"><span class='ocrx_word' id='word_1_67' title='bbox 265 1434 354 1522; x_wconf 87' lang='lat' dir='ltr'>nymi</span> <span class='ocrx_word' id='word_1_68' title='bbox 381 1434 609 1521; x_wconf 78' lang='lat' dir='ltr'>conputatione</span> <span class='ocrx_word' id='word_1_69' title='bbox 638 1436 713 1502; x_wconf 88' lang='lat' dir='ltr'>enni</span> <span class='ocrx_word' id='word_1_70' title='bbox 735 1434 855 1504; x_wconf 81' lang='lat' dir='ltr'>Catulli</span> <span class='ocrx_word' id='word_1_71' title='bbox 876 1437 993 1503; x_wconf 87' lang='lat' dir='ltr'>natalis</span> <span class='ocrx_word' id='word_1_72' title='bbox 1014 1447 1124 1524; x_wconf 88' lang='lat' dir='ltr'>spreta</span> <span class='ocrx_word' id='word_1_73' title='bbox 1145 1435 1313 1505; x_wconf 81' lang='lat' dir='ltr'>Catullum</span> 
     </span>
     <span class='ocr_line' id='line_1_11' title="bbox 263 1551 1314 1642; baseline 0 -23"><span class='ocrx_word' id='word_1_74' title='bbox 263 1551 419 1619; x_wconf 80' lang='lat' dir='ltr'>decennio</span> <span class='ocrx_word' id='word_1_75' title='bbox 440 1562 513 1640; x_wconf 89' lang='lat' dir='ltr'>post</span> <span class='ocrx_word' id='word_1_76' title='bbox 542 1573 659 1616; x_wconf 90' lang='lat' dir='ltr'>annum</span> <span class='ocrx_word' id='word_1_77' title='bbox 688 1553 728 1618; x_wconf 90' lang='lat' dir='ltr'>ab</span> <span class='ocrx_word' id='word_1_78' title='bbox 750 1551 953 1642; x_wconf 82' lang='lat' dir='ltr'>Hieronymo</span> <span class='ocrx_word' id='word_1_79' title='bbox 975 1551 1161 1638; x_wconf 85' lang='lat' dir='ltr'>indicatum,</span> <span class='ocrx_word' id='word_1_80' title='bbox 1181 1551 1244 1619; x_wconf 88' lang='lat' dir='ltr'>boo</span> <span class='ocrx_word' id='word_1_81' title='bbox 1265 1565 1314 1619; x_wconf 87' lang='lat' dir='ltr'>est</span> 
     </span>
     <span class='ocr_line' id='line_1_12' title="bbox 264 1669 1314 1760; baseline 0.002 -26"><span class='ocrx_word' id='word_1_82' title='bbox 264 1692 293 1736; x_wconf 91' lang='lat' dir='ltr'>a.</span> <span class='ocrx_word' id='word_1_83' title='bbox 314 1669 432 1748; x_wconf 72' lang='lat' dir='ltr'>678s76</span> <span class='ocrx_word' id='word_1_84' title='bbox 453 1681 565 1738; x_wconf 88' lang='lat' dir='ltr'>uatum</span> <span class='ocrx_word' id='word_1_85' title='bbox 588 1693 658 1736; x_wconf 89' lang='lat' dir='ltr'>esse</span> <span class='ocrx_word' id='word_1_86' title='bbox 679 1691 820 1736; x_wconf 77' lang='lat' dir='ltr'>censere.</span> <span class='ocrx_word' id='word_1_87' title='bbox 863 1673 975 1760; x_wconf 88' lang='lat' dir='ltr'>itaque</span> <span class='ocrx_word' id='word_1_88' title='bbox 1002 1693 1043 1736; x_wconf 88' lang='lat' dir='ltr'>ex</span> <span class='ocrx_word' id='word_1_89' title='bbox 1072 1671 1201 1736; x_wconf 89' lang='lat' dir='ltr'>illorum</span> <span class='ocrx_word' id='word_1_90' title='bbox 1229 1671 1314 1736; x_wconf 91' lang='lat' dir='ltr'>uiro·</span> 
     </span>
     <span class='ocr_line' id='line_1_13' title="bbox 264 1787 1313 1876; baseline 0 -22"><span class='ocrx_word' id='word_1_91' title='bbox 264 1809 336 1854; x_wconf 90' lang='lat' dir='ltr'>rum</span> <span class='ocrx_word' id='word_1_92' title='bbox 373 1789 541 1854; x_wconf 80' lang='lat' dir='ltr'>doctorum</span> <span class='ocrx_word' id='word_1_93' title='bbox 580 1789 740 1854; x_wconf 87' lang='lat' dir='ltr'>sententis</span> <span class='ocrx_word' id='word_1_94' title='bbox 770 1787 918 1856; x_wconf 78' lang='lat' dir='ltr'>Catullus</span> <span class='ocrx_word' id='word_1_95' title='bbox 956 1809 1039 1854; x_wconf 90' lang='lat' dir='ltr'>anno</span> <span class='ocrx_word' id='word_1_96' title='bbox 1071 1788 1207 1868; x_wconf 65' lang='grc'>693161,</span> <span class='ocrx_word' id='word_1_97' title='bbox 1246 1808 1313 1876; x_wconf 87' lang='lat' dir='ltr'>quo</span> 
     </span>
     <span class='ocr_line' id='line_1_14' title="bbox 264 1905 1313 1994; baseline 0 -24"><span class='ocrx_word' id='word_1_98' title='bbox 264 1905 417 1971; x_wconf 82' lang='lat' dir='ltr'>Lesbiam</span> <span class='ocrx_word' id='word_1_99' title='bbox 439 1927 548 1971; x_wconf 89' lang='lat' dir='ltr'>amare</span> <span class='ocrx_word' id='word_1_100' title='bbox 569 1906 685 1994; x_wconf 78' lang='lat' dir='ltr'>eoepit,</span> <span class='ocrx_word' id='word_1_101' title='bbox 707 1927 829 1971; x_wconf 89' lang='lat' dir='ltr'>aunum</span> <span class='ocrx_word' id='word_1_102' title='bbox 849 1905 962 1972; x_wconf 84' lang='lat' dir='ltr'>aetatis</span> <span class='ocrx_word' id='word_1_103' title='bbox 986 1905 1143 1972; x_wconf 81' lang='lat' dir='ltr'>decimum</span> <span class='ocrx_word' id='word_1_104' title='bbox 1164 1905 1313 1992; x_wconf 88' lang='lat' dir='ltr'>quintum</span> 
     </span>
     <span class='ocr_line' id='line_1_15' title="bbox 266 2021 1313 2110; baseline -0.001 -22"><span class='ocrx_word' id='word_1_105' title='bbox 266 2023 355 2110; x_wconf 78' lang='lat' dir='ltr'>egit,</span> <span class='ocrx_word' id='word_1_106' title='bbox 387 2023 446 2088; x_wconf 87' lang='lat' dir='ltr'>boo</span> <span class='ocrx_word' id='word_1_107' title='bbox 476 2031 525 2088; x_wconf 86' lang='lat' dir='ltr'>est</span> <span class='ocrx_word' id='word_1_108' title='bbox 556 2043 630 2087; x_wconf 92' lang='lat' dir='ltr'>eum</span> <span class='ocrx_word' id='word_1_109' title='bbox 657 2023 764 2110; x_wconf 89' lang='lat' dir='ltr'>ipsum</span> <span class='ocrx_word' id='word_1_110' title='bbox 793 2031 850 2088; x_wconf 87' lang='lat' dir='ltr'>aut</span> <span class='ocrx_word' id='word_1_111' title='bbox 874 2021 1057 2110; x_wconf 88' lang='lat' dir='ltr'>proximum</span> <span class='ocrx_word' id='word_1_112' title='bbox 1086 2044 1205 2088; x_wconf 90' lang='lat' dir='ltr'>annum</span> <span class='ocrx_word' id='word_1_113' title='bbox 1247 2043 1313 2110; x_wconf 90' lang='lat' dir='ltr'>quo</span> 
     </span>
     <span class='ocr_line' id='line_1_16' title="bbox 265 2138 1313 2227; baseline -0.001 -22"><span class='ocrx_word' id='word_1_114' title='bbox 265 2149 378 2227; x_wconf 86' lang='lat' dir='ltr'>togam</span> <span class='ocrx_word' id='word_1_115' title='bbox 400 2138 526 2204; x_wconf 91' lang='lat' dir='ltr'>uirilem</span> <span class='ocrx_word' id='word_1_116' title='bbox 548 2140 695 2226; x_wconf 80' lang='lat' dir='ltr'>sumpsit.</span> <span class='ocrx_word' id='word_1_117' title='bbox 738 2140 803 2204; x_wconf 92' lang='lat' dir='ltr'>iarn</span> <span class='ocrx_word' id='word_1_118' title='bbox 824 2161 897 2205; x_wconf 87' lang='lat' dir='ltr'>oum</span> <span class='ocrx_word' id='word_1_119' title='bbox 920 2161 1048 2206; x_wconf 86' lang='lat' dir='ltr'>carmen</span> <span class='ocrx_word' id='word_1_120' title='bbox 1068 2140 1102 2204; x_wconf 87' lang='lat' dir='ltr'>in</span> <span class='ocrx_word' id='word_1_121' title='bbox 1121 2160 1186 2227; x_wconf 91' lang='lat' dir='ltr'>quo</span> <span class='ocrx_word' id='word_1_122' title='bbox 1200 2161 1313 2204; x_wconf 83' lang='lat' dir='ltr'>uersus</span> 
     </span>
     <span class='ocr_line' id='line_1_17' title="bbox 263 2255 1314 2344; baseline 0 -22"><span class='ocrx_word' id='word_1_123' title='bbox 263 2257 311 2323; x_wconf 93' lang='lat' dir='ltr'>illi</span> <span class='ocrx_word' id='word_1_124' title='bbox 332 2257 485 2344; x_wconf 83' lang='lat' dir='ltr'>leguntur</span> <span class='ocrx_word' id='word_1_125' title='bbox 504 2281 533 2324; x_wconf 90' lang='lat' dir='ltr'>a.</span> <span class='ocrx_word' id='word_1_126' title='bbox 555 2256 671 2334; x_wconf 71' lang='grc'>696158</span> <span class='ocrx_word' id='word_1_127' title='bbox 693 2257 849 2343; x_wconf 85' lang='lat' dir='ltr'>seriptum</span> <span class='ocrx_word' id='word_1_128' title='bbox 870 2255 927 2340; x_wconf 84' lang='lat' dir='ltr'>sit,</span> <span class='ocrx_word' id='word_1_129' title='bbox 960 2255 1106 2322; x_wconf 84' lang='lat' dir='ltr'>uersibus</span> <span class='ocrx_word' id='word_1_130' title='bbox 1136 2256 1200 2322; x_wconf 87' lang='lat' dir='ltr'>illis</span> <span class='ocrx_word' id='word_1_131' title='bbox 1221 2256 1314 2322; x_wconf 87' lang='lat' dir='ltr'>initia</span> 
     </span>
     <span class='ocr_line' id='line_1_18' title="bbox 265 2373 1313 2462; baseline -0.004 -20"><span class='ocrx_word' id='word_1_132' title='bbox 265 2373 383 2442; x_wconf 91' lang='lat' dir='ltr'>amoris</span> <span class='ocrx_word' id='word_1_133' title='bbox 403 2373 544 2441; x_wconf 86' lang='lat' dir='ltr'>Lesbiae</span> <span class='ocrx_word' id='word_1_134' title='bbox 575 2373 715 2439; x_wconf 80' lang='lat' dir='ltr'>indicata</span> <span class='ocrx_word' id='word_1_135' title='bbox 742 2382 858 2462; x_wconf 89' lang='lat' dir='ltr'>putare</span> <span class='ocrx_word' id='word_1_136' title='bbox 881 2383 914 2439; x_wconf 88' lang='lat' dir='ltr'>et</span> <span class='ocrx_word' id='word_1_137' title='bbox 934 2374 1009 2439; x_wconf 87' lang='lat' dir='ltr'>inde</span> <span class='ocrx_word' id='word_1_138' title='bbox 1031 2383 1257 2460; x_wconf 85' lang='lat' dir='ltr'>argumentum</span> <span class='ocrx_word' id='word_1_139' title='bbox 1279 2374 1313 2438; x_wconf 89' lang='lat' dir='ltr'>in</span> 
     </span>
     <span class='ocr_line' id='line_1_19' title="bbox 265 2489 1313 2580; baseline 0 -23"><span class='ocrx_word' id='word_1_140' title='bbox 265 2493 404 2578; x_wconf 84' lang='lat' dir='ltr'>gratiam</span> <span class='ocrx_word' id='word_1_141' title='bbox 433 2489 670 2580; x_wconf 84' lang='lat' dir='ltr'>conputationis</span> <span class='ocrx_word' id='word_1_142' title='bbox 698 2489 982 2557; x_wconf 87' lang='lat' dir='ltr'>Laobmaunianae</span> <span class='ocrx_word' id='word_1_143' title='bbox 1009 2489 1126 2578; x_wconf 87' lang='lat' dir='ltr'>aliquis</span> <span class='ocrx_word' id='word_1_144' title='bbox 1155 2511 1313 2578; x_wconf 86' lang='lat' dir='ltr'>quaerere</span> 
     </span>
     <span class='ocr_line' id='line_1_20' title="bbox 264 2607 1330 2697; baseline 0.001 -23"><span class='ocrx_word' id='word_1_145' title='bbox 264 2607 374 2697; x_wconf 76' lang='lat' dir='ltr'>possit.</span> <span class='ocrx_word' id='word_1_146' title='bbox 426 2608 514 2696; x_wconf 87' lang='lat' dir='ltr'>quod</span> <span class='ocrx_word' id='word_1_147' title='bbox 549 2608 606 2695; x_wconf 89' lang='lat' dir='ltr'>qui</span> <span class='ocrx_word' id='word_1_148' title='bbox 638 2607 836 2695; x_wconf 83' lang='lat' dir='ltr'>susciperet,</span> <span class='ocrx_word' id='word_1_149' title='bbox 872 2607 1054 2695; x_wconf 76' lang='lat' dir='ltr'>speciosum</span> <span class='ocrx_word' id='word_1_150' title='bbox 1089 2607 1220 2695; x_wconf 87' lang='lat' dir='ltr'>quidem</span> <span class='ocrx_word' id='word_1_151' title='bbox 1254 2608 1330 2675; x_wconf 83' lang='lat' dir='ltr'>aesl&#39;</span> 
     </span>
     <span class='ocr_line' id='line_1_21' title="bbox 265 2723 1314 2811; baseline -0.001 -19"><span class='ocrx_word' id='word_1_152' title='bbox 265 2725 365 2792; x_wconf 91' lang='lat' dir='ltr'>nihilo</span> <span class='ocrx_word' id='word_1_153' title='bbox 393 2726 497 2791; x_wconf 86' lang='lat' dir='ltr'>minos</span> <span class='ocrx_word' id='word_1_154' title='bbox 527 2725 634 2792; x_wconf 89' lang='lat' dir='ltr'>nitore</span> <span class='ocrx_word' id='word_1_155' title='bbox 659 2723 766 2790; x_wconf 82' lang='lat' dir='ltr'>fallaci</span> <span class='ocrx_word' id='word_1_156' title='bbox 795 2724 938 2790; x_wconf 84' lang='lat' dir='ltr'>fucatum</span> <span class='ocrx_word' id='word_1_157' title='bbox 967 2734 1193 2811; x_wconf 86' lang='lat' dir='ltr'>argumentum</span> <span class='ocrx_word' id='word_1_158' title='bbox 1222 2723 1314 2792; x_wconf 86' lang='lat' dir='ltr'>adbi-</span> 
     </span>
     <span class='ocr_line' id='line_1_22' title="bbox 265 2839 1313 2929; baseline 0 -21"><span class='ocrx_word' id='word_1_159' title='bbox 265 2843 367 2909; x_wconf 85' lang='lat' dir='ltr'>beret.</span> <span class='ocrx_word' id='word_1_160' title='bbox 422 2864 498 2908; x_wconf 87' lang='lat' dir='ltr'>nam</span> <span class='ocrx_word' id='word_1_161' title='bbox 537 2841 599 2907; x_wconf 87' lang='lat' dir='ltr'>hae</span> <span class='ocrx_word' id='word_1_162' title='bbox 633 2842 760 2907; x_wconf 87' lang='lat' dir='ltr'>ratione</span> <span class='ocrx_word' id='word_1_163' title='bbox 800 2841 999 2929; x_wconf 84' lang='lat' dir='ltr'>conprobata</span> <span class='ocrx_word' id='word_1_164' title='bbox 1038 2839 1186 2908; x_wconf 79' lang='lat' dir='ltr'>Catullus</span> <span class='ocrx_word' id='word_1_165' title='bbox 1226 2863 1313 2908; x_wconf 88' lang='lat' dir='ltr'>anno</span> 
     </span>
     <span class='ocr_line' id='line_1_23' title="bbox 265 2957 1314 3048; baseline -0.004 -20"><span class='ocrx_word' id='word_1_166' title='bbox 265 2959 392 3043; x_wconf 77' lang='grc'>696168,</span> <span class='ocrx_word' id='word_1_167' title='bbox 414 2981 488 3026; x_wconf 87' lang='lat' dir='ltr'>oum</span> <span class='ocrx_word' id='word_1_168' title='bbox 509 2981 573 3026; x_wconf 89' lang='lat' dir='ltr'>non</span> <span class='ocrx_word' id='word_1_169' title='bbox 594 2960 705 3048; x_wconf 85' lang='lat' dir='ltr'>plures</span> <span class='ocrx_word' id='word_1_170' title='bbox 726 2981 824 3046; x_wconf 90' lang='lat' dir='ltr'>quam</span> <span class='ocrx_word' id='word_1_171' title='bbox 845 2957 1071 3045; x_wconf 81' lang='lat' dir='ltr'>duodeuiginti</span> <span class='ocrx_word' id='word_1_172' title='bbox 1093 2979 1195 3024; x_wconf 90' lang='lat' dir='ltr'>annos</span> <span class='ocrx_word' id='word_1_173' title='bbox 1215 2957 1314 3025; x_wconf 90' lang='lat' dir='ltr'>habe·</span> 
     </span>
     <span class='ocr_line' id='line_1_24' title="bbox 263 3071 1313 3166; baseline -0.003 -23"><span class='ocrx_word' id='word_1_174' title='bbox 263 3086 331 3161; x_wconf 88' lang='lat' dir='ltr'>ret,</span> <span class='ocrx_word' id='word_1_175' title='bbox 362 3077 519 3165; x_wconf 85' lang='lat' dir='ltr'>temporis</span> <span class='ocrx_word' id='word_1_176' title='bbox 541 3075 609 3143; x_wconf 90' lang='lat' dir='ltr'>eius</span> <span class='ocrx_word' id='word_1_177' title='bbox 636 3071 711 3166; x_wconf 88' lang='lat' dir='ltr'>‘quo</span> <span class='ocrx_word' id='word_1_178' title='bbox 733 3097 791 3142; x_wconf 88' lang='lat' dir='ltr'>uer</span> <span class='ocrx_word' id='word_1_179' title='bbox 809 3074 987 3142; x_wconf 85' lang='lat' dir='ltr'>iucundum</span> <span class='ocrx_word' id='word_1_180' title='bbox 1008 3085 1098 3142; x_wconf 84' lang='lat' dir='ltr'>aetas</span> <span class='ocrx_word' id='word_1_181' title='bbox 1118 3097 1177 3141; x_wconf 88' lang='lat' dir='ltr'>sua</span> <span class='ocrx_word' id='word_1_182' title='bbox 1197 3075 1313 3142; x_wconf 83' lang='lat' dir='ltr'>florida</span> 
     </span>
     <span class='ocr_line' id='line_1_25' title="bbox 265 3187 1313 3282; baseline -0.001 -22"><span class='ocrx_word' id='word_1_183' title='bbox 265 3187 412 3282; x_wconf 76' lang='lat' dir='ltr'>egisset’,</span> <span class='ocrx_word' id='word_1_184' title='bbox 450 3194 512 3260; x_wconf 90' lang='lat' dir='ltr'>hoo</span> <span class='ocrx_word' id='word_1_185' title='bbox 544 3204 595 3260; x_wconf 88' lang='lat' dir='ltr'>est</span> <span class='ocrx_word' id='word_1_186' title='bbox 634 3215 698 3280; x_wconf 90' lang='lat' dir='ltr'>quo</span> <span class='ocrx_word' id='word_1_187' title='bbox 736 3215 837 3260; x_wconf 87' lang='lat' dir='ltr'>annos</span> <span class='ocrx_word' id='word_1_188' title='bbox 873 3191 1056 3281; x_wconf 80' lang='lat' dir='ltr'>quindecim</span> <span class='ocrx_word' id='word_1_189' title='bbox 1091 3202 1186 3258; x_wconf 85' lang='lat' dir='ltr'>natus</span> <span class='ocrx_word' id='word_1_190' title='bbox 1217 3201 1313 3275; x_wconf 86' lang='lat' dir='ltr'>esset,</span> 
     </span>
     <span class='ocr_line' id='line_1_26' title="bbox 264 3307 1315 3397; baseline -0.001 -20"><span class='ocrx_word' id='word_1_191' title='bbox 264 3309 453 3377; x_wconf 84' lang='lat' dir='ltr'>memoriam</span> <span class='ocrx_word' id='word_1_192' title='bbox 482 3310 568 3377; x_wconf 85' lang='lat' dir='ltr'>tristi</span> <span class='ocrx_word' id='word_1_193' title='bbox 587 3319 620 3376; x_wconf 89' lang='lat' dir='ltr'>et</span> <span class='ocrx_word' id='word_1_194' title='bbox 639 3310 746 3376; x_wconf 81' lang='lat' dir='ltr'>fracto</span> <span class='ocrx_word' id='word_1_195' title='bbox 768 3311 875 3377; x_wconf 91' lang='lat' dir='ltr'>animo</span> <span class='ocrx_word' id='word_1_196' title='bbox 897 3309 1063 3376; x_wconf 87' lang='lat' dir='ltr'>recoleret.</span> <span class='ocrx_word' id='word_1_197' title='bbox 1106 3307 1193 3397; x_wconf 88' lang='lat' dir='ltr'>quod</span> <span class='ocrx_word' id='word_1_198' title='bbox 1215 3331 1315 3397; x_wconf 89' lang='lat' dir='ltr'>quam</span> 
     </span>
     <span class='ocr_line' id='line_1_27' title="bbox 263 3423 1316 3515; baseline -0.002 -23"><span class='ocrx_word' id='word_1_199' title='bbox 263 3449 379 3515; x_wconf 90' lang='lat' dir='ltr'>parum</span> <span class='ocrx_word' id='word_1_200' title='bbox 409 3426 687 3494; x_wconf 80' lang='lat' dir='ltr'>adulescentulum</span> <span class='ocrx_word' id='word_1_201' title='bbox 716 3449 781 3494; x_wconf 89' lang='lat' dir='ltr'>uon</span> <span class='ocrx_word' id='word_1_202' title='bbox 811 3425 888 3492; x_wconf 89' lang='lat' dir='ltr'>dum</span> <span class='ocrx_word' id='word_1_203' title='bbox 915 3424 1115 3493; x_wconf 85' lang='lat' dir='ltr'>uicenarium</span> <span class='ocrx_word' id='word_1_204' title='bbox 1146 3423 1260 3492; x_wconf 86' lang='lat' dir='ltr'>deoeat</span> <span class='ocrx_word' id='word_1_205' title='bbox 1280 3425 1316 3490; x_wconf 90' lang='lat' dir='ltr'>in</span> 
     </span>
     <span class='ocr_line' id='line_1_28' title="bbox 263 3541 1316 3632; baseline -0.001 -22"><span class='ocrx_word' id='word_1_206' title='bbox 263 3553 414 3632; x_wconf 90' lang='lat' dir='ltr'>promptu</span> <span class='ocrx_word' id='word_1_207' title='bbox 437 3552 487 3611; x_wconf 86' lang='lat' dir='ltr'>est</span> <span class='ocrx_word' id='word_1_208' title='bbox 509 3568 517 3610; x_wconf 75' lang='grc' dir='ltr'><em>τ</em></span> <span class='ocrx_word' id='word_1_209' title='bbox 538 3566 579 3610; x_wconf 89' lang='lat' dir='ltr'>ne</span> <span class='ocrx_word' id='word_1_210' title='bbox 601 3541 705 3610; x_wconf 85' lang='lat' dir='ltr'>dioam</span> <span class='ocrx_word' id='word_1_211' title='bbox 720 3544 754 3608; x_wconf 92' lang='lat' dir='ltr'>in</span> <span class='ocrx_word' id='word_1_212' title='bbox 775 3541 917 3610; x_wconf 83' lang='lat' dir='ltr'>carmine</span> <span class='ocrx_word' id='word_1_213' title='bbox 937 3542 993 3608; x_wconf 87' lang='lat' dir='ltr'>illo</span> <span class='ocrx_word' id='word_1_214' title='bbox 1008 3551 1138 3630; x_wconf 88' lang='lat' dir='ltr'>poetam</span> <span class='ocrx_word' id='word_1_215' title='bbox 1159 3543 1316 3630; x_wconf 87' lang='lat' dir='ltr'>temporis</span> 
     </span>
     <span class='ocr_line' id='line_1_29' title="bbox 265 3656 1315 3749; baseline -0.003 -22"><span class='ocrx_word' id='word_1_216' title='bbox 265 3659 432 3749; x_wconf 89' lang='lat' dir='ltr'>aliquanto</span> <span class='ocrx_word' id='word_1_217' title='bbox 452 3659 634 3728; x_wconf 88' lang='lat' dir='ltr'>remotioris</span> <span class='ocrx_word' id='word_1_218' title='bbox 655 3658 842 3726; x_wconf 88' lang='lat' dir='ltr'>memoriam</span> <span class='ocrx_word' id='word_1_219' title='bbox 868 3679 1023 3724; x_wconf 86' lang='lat' dir='ltr'>reuocare</span> <span class='ocrx_word' id='word_1_220' title='bbox 1044 3657 1151 3746; x_wconf 87' lang='lat' dir='ltr'>potius</span> <span class='ocrx_word' id='word_1_221' title='bbox 1173 3656 1315 3726; x_wconf 84' lang='lat' dir='ltr'>uoluisse</span> 
     </span>
     <span class='ocr_line' id='line_1_30' title="bbox 265 3773 1315 3867; baseline -0.003 -22"><span class='ocrx_word' id='word_1_222' title='bbox 265 3799 361 3867; x_wconf 87' lang='lat' dir='ltr'>quarn</span> <span class='ocrx_word' id='word_1_223' title='bbox 398 3800 483 3867; x_wconf 88' lang='lat' dir='ltr'>quae</span> <span class='ocrx_word' id='word_1_224' title='bbox 517 3775 649 3845; x_wconf 85' lang='lat' dir='ltr'>triennii</span> <span class='ocrx_word' id='word_1_225' title='bbox 681 3777 759 3844; x_wconf 87' lang='lat' dir='ltr'>satis</span> <span class='ocrx_word' id='word_1_226' title='bbox 796 3775 922 3844; x_wconf 86' lang='lat' dir='ltr'>modieo</span> <span class='ocrx_word' id='word_1_227' title='bbox 959 3773 1133 3842; x_wconf 86' lang='lat' dir='ltr'>interuallo</span> <span class='ocrx_word' id='word_1_228' title='bbox 1165 3797 1186 3842; x_wconf 85' lang='lat' dir='ltr'>a</span> <span class='ocrx_word' id='word_1_229' title='bbox 1217 3775 1315 3842; x_wconf 87' lang='lat' dir='ltr'>rebus</span> 
     </span>
     <span class='ocr_line' id='line_1_31' title="bbox 265 3890 1316 3986; baseline -0.002 -22"><span class='ocrx_word' id='word_1_230' title='bbox 265 3895 489 3986; x_wconf 82' lang='lat' dir='ltr'>praesentibus</span> <span class='ocrx_word' id='word_1_231' title='bbox 516 3894 673 3964; x_wconf 87' lang='lat' dir='ltr'>distarent</span> <span class='ocrx_word' id='word_1_232' title='bbox 701 3894 808 3964; x_wconf 87' lang='lat' dir='ltr'>auimo</span> <span class='ocrx_word' id='word_1_233' title='bbox 836 3901 993 3986; x_wconf 83' lang='lat' dir='ltr'>repetere.</span> <span class='ocrx_word' id='word_1_234' title='bbox 1036 3890 1114 3983; x_wconf 87' lang='lat' dir='ltr'>quid</span> <span class='ocrx_word' id='word_1_235' title='bbox 1135 3891 1221 3981; x_wconf 79' lang='lat' dir='ltr'>quod</span> <span class='ocrx_word' id='word_1_236' title='bbox 1241 3890 1316 3962; x_wconf 82' lang='lat' dir='ltr'>ridi·</span> 
     </span>
    </p>
   </div>
   <div class='ocr_carea' id='block_1_3' title="bbox 0 0 1483 4492">
    <p class='ocr_par' dir='ltr' id='par_1_3' title="bbox 0 0 1483 4492">
     <span class='ocr_line' id='line_1_32' title="bbox 0 0 1483 4492; baseline 0 0"><span class='ocrx_word' id='word_1_237' title='bbox 0 0 1483 4492; x_wconf 95' lang='lat' dir='ltr'> </span> 
     </span>
    </p>
   </div>
  </div>
 </body>
</html>
