2920 4492
267 319 301 372 84
407 317 435 370 11
469 317 517 372 DE
536 315 640 372 ΑΝΝῙΒ
657 317 791 371 usuam
808 317 855 370 ΕΤ
871 317 1004 372 raram
1022 317 1177 372 curvum

268 483 334 550 tiae
356 505 581 574 quaecumque
603 485 723 573 opponi
746 485 859 568 solent,
885 483 993 550 onmia
1013 485 1045 550 in
1067 505 1132 552 non
1155 486 1317 552 nullorum

270 599 445 666 omninum
471 623 574 690 praua
594 598 858 689 interpretatione
879 600 1036 668 nituntur.
1058 612 1092 670 et
1112 601 1235 690 aliquot
1249 604 1318 692 qui-

268 717 340 784 dem
371 739 498 784 errores
520 719 562 784 ab
583 717 818 806 interpretibus
844 718 987 805 priorum
1010 719 1211 786 saeculorum
1233 743 1319 786 com-

268 833 381 900 missos
402 835 459 900 uix
481 856 562 922 opus
583 845 634 901 eat
655 855 840 918 recensere,
870 835 1028 901 numiam
1049 835 1170 904 dudum
1190 837 1318 926 explosi

268 953 342 1017 sint.
384 951 486 1017 uoluti
508 951 625 1018 Petrus
647 949 790 1019 Crinitus
813 961 846 1018 et
867 951 920 1018 alii
942 952 1088 1020 uersibus
1111 953 1158 1018 bie

488 1128 533 1193 sa‘c
546 1127 668 1214 forsan
690 1139 772 1192 tener
791 1150 884 1192 nurus
906 1141 947 1193 eat
970 1129 1100 1194 Catullum

487 1267 600 1329 mupuo
621 1245 737 1309 mittere
754 1267 911 1330 passerem
935 1244 1074 1328 Maroni,

270 1417 388 1508 quibua
421 1417 583 1486 Martialis
626 1419 896 1508 epigrammatum
927 1439 967 1484 un
1001 1421 1040 1484 14
1069 1419 1108 1484 13
1139 1431 1320 1508 temporum

268 1535 410 1602 rationes
448 1535 527 1602 nihil
563 1557 695 1623 prorsus
725 1557 842 1602 curans
870 1535 1021 1624 exemplo
1050 1537 1216 1624 utriusque
1243 1537 1322 1603 anti-

269 1651 390 1742 quioris
417 1661 533 1740 poetae
553 1654 724 1720 rationem
752 1654 805 1719 nel
833 1652 1080 1740 discrepantiam
1112 1654 1198 1722 inter
1226 1675 1319 1720 auam

269 1780 302 1836 et
324 1767 396 1838 Silii
419 1771 526 1838 Italici
548 1769 668 1858 poesim
690 1769 944 1836 intercedentem
966 1769 1110 1837 indicare
1131 1771 1245 1854 uoluit,
1267 1769 1322 1838 de-

270 1885 336 1976 oipi
355 1909 390 1954 se
411 1888 498 1976 passi
519 1897 595 1953 sunt
615 1897 653 1954 ut
675 1886 839 1954 Catullum
860 1909 934 1954 oum
955 1887 1102 1972 Vergilio
1124 1888 1322 1954 carminibus

269 2003 333 2070 iam
361 2003 521 2091 insignem
549 2003 686 2092 gloriam
715 2005 834 2090 adepto
864 2003 1084 2072 familiaritate
1111 2003 1320 2070 coniunctum

269 2121 370 2186 fuisse
391 2122 560 2188 crederent
579 2143 588 2185 ε
610 2121 698 2210 quod
720 2122 879 2202 situatum
894 2131 989 2203 osset,
1011 2131 1109 2209 poeta
1122 2119 1322 2188 Veronensis

270 2237 355 2304 ultra
374 2248 524 2326 tempora
538 2237 758 2304 triumuiratus
780 2237 912 2304 alterins
933 2237 1077 2305 uixisset.
1106 2237 1228 2304 maiore
1250 2238 1321 2304 ueri

272 2353 380 2442 specie
408 2376 474 2421 non
501 2354 580 2422 nulli
609 2355 670 2421 uiri
702 2355 788 2421 docti
815 2377 857 2422 ex
889 2353 1030 2422 carmine
1064 2353 1320 2440 undetrigesimo

271 2468 435 2538 Catullum
463 2471 583 2539 bellum
611 2472 746 2560 Pompei
777 2482 810 2538 et
832 2470 982 2540 Caesaris
1003 2470 1099 2537 ciuile
1120 2471 1238 2538 uidisse
1259 2471 1321 2538 sibi

270 2587 330 2654 uisi
352 2599 427 2655 sunt
449 2588 671 2656 demonstrare
692 2609 787 2676 posse
806 2614 815 2656 z
837 2609 901 2676 qua
922 2588 955 2654 in
977 2609 1012 2654 re
1027 2610 1082 2654 eos
1098 2609 1223 2655 errasse
1237 2587 1322 2654 infra

270 2705 303 2771 in
326 2705 431 2793 capite
450 2729 512 2771 vnn
535 2706 717 2794 adparebit.
760 2705 817 2772 aed
846 2726 957 2772 omnes
977 2703 1157 2772 incredibili
1181 2705 1321 2794 quadam

269 2823 482 2912 peruersitate
503 2823 669 2909 Scaliger,
691 2823 743 2890 uir
764 2823 825 2890 hac
847 2823 881 2890 in
900 2845 937 2888 re
958 2823 1054 2910 plane
1075 2823 1126 2888 sui
1147 2821 1321 2906 dissimilis,

270 2940 445 3028 superauit,
466 2949 503 3006 ut
518 2951 595 3029 pote
608 2941 664 3027 qui
679 2940 712 3006 in
733 2938 1066 3008 animaduersionibus
1088 2939 1129 3006 ad
1145 2939 1322 3005 Eusebium

273 3079 305 3146 p.
330 3058 391 3124 155
411 3079 542 3124 carmen
563 3079 675 3124 xxxam
697 3057 821 3122 Dianae
847 3057 942 3143 pueri
968 3057 1081 3145 inteprr'
1099 3077 1157 3144 pro
1180 3055 1322 3122 carmine

272 3173 440 3257 saeculari,
462 3195 660 3262 quamquam
683 3197 724 3240 ne
746 3175 882 3240 uerbum
906 3172 1037 3261 quidem
1059 3172 1103 3238 ibi
1129 3172 1170 3238 de
1190 3172 1320 3238 saeculo

271 3290 394 3378 legitur
416 3291 473 3376 (cf.
494 3289 687 3358 Theodorus
708 3288 872 3356 Mamilius
895 3291 925 3355 in
948 3287 1124 3357 asterismis
1143 3288 1323 3376 peltant-

272 3406 353 3472 leins
380 3405 413 3472 in
442 3407 642 3495 praefatione
671 3408 711 3473 ad
744 3405 915 3475 Horatium
945 3429 976 3492 p.
1005 3429 1060 3472 xrn
1089 3403 1139 3470 ed.
1162 3404 1251 3494 Lips.
1274 3405 1322 3472 Μ.

272 3523 436 3611 Hauptius
456 3523 488 3590 in
516 3523 741 3612 quaestionum
764 3523 1021 3591 Catullianarum
1043 3545 1076 3610 p.
1100 3523 1165 3606 14),
1187 3522 1324 3588 haberet

271 3651 305 3706 et
325 3641 357 3706 in
380 3639 475 3706 ludos
496 3641 678 3708 saeculares
700 3641 742 3707 ab
764 3643 914 3726 Augusto
937 3661 1021 3706 anno
1042 3638 1158 3715 tetur
1181 3637 1324 3703 celebra·

271 3765 335 3836 tos,
367 3756 485 3844 quibus
506 3757 663 3824 Horatius
684 3779 776 3823 suum
801 3777 930 3822 carmen
951 3757 1116 3823 saeculare
1138 3753 1323 3836 destinauit,

272 3873 428 3963 scriptum
448 3895 520 3942 esse
540 3874 762 3942 arbitraretur.
801 3875 881 3940 haec
904 3872 1013 3940 omnia
1034 3891 1198 3940 moramur
1218 3870 1323 3938 nibil:
