3002 4490
571 344 637 398 xm
670 345 719 398 De
736 343 861 398 nstrum
1187 345 1237 396 601

198 533 264 578 666
298 521 372 598 post
413 533 531 576 annum
565 511 684 590 694160
717 533 759 577 ex
792 508 949 598 Hispania
979 508 1112 577 rediisse
1142 530 1239 597 snpra

197 628 243 716 (p.
257 627 333 712 243)
356 628 559 694 coniecimus
595 629 704 718 itaque
720 649 936 724 cumcarmen
957 650 1001 692 ιιι
1016 635 1240 714 temporeque

199 747 375 812 amicorum
396 768 455 833 par
477 745 572 812 etiam
593 754 662 811 turn
683 747 715 811 in
730 744 891 834 Hispania
906 755 977 811 eret
996 743 1148 832 scripturn
1171 765 1243 810 esse

199 863 294 930 ualde
315 864 385 930 neri
406 863 580 944 similent,
601 884 729 928 carmen
751 886 793 929 ιιι
816 863 923 949 ipsum
944 883 1074 951 qnoque
1088 881 1152 927 non
1169 872 1244 948 post

200 1003 319 1046 annum
340 979 458 1056 694160
477 978 573 1046 scribi
602 979 715 1066 potuit.
756 979 809 1044 fac
840 978 940 1065 igitur
966 979 1028 1044 hoc
1058 977 1128 1066 ipso
1157 999 1242 1044 anno

199 1095 362 1165 Catullum
392 1091 522 1162 carmen
548 1118 590 1161 xn
622 1095 752 1180 fecisse,
784 1096 891 1161 omnia
923 1098 1006 1163 bene
1037 1095 1242 1162 concordant.

199 1235 339 1301 namque
361 1235 433 1278 cnm
455 1211 497 1284 G.
520 1212 652 1280 Asinius
672 1210 779 1280 Pollio
804 1235 887 1278 anuo
906 1211 1023 1291 678176
1042 1221 1137 1280 natus
1158 1221 1243 1278 essel

201 1331 257 1416 (cl.
279 1331 384 1397 Taciti
406 1330 480 1397 dial.
501 1331 543 1396 de
564 1340 645 1398 orat.
667 1331 709 1396 34
729 1329 766 1398 Ο.
785 1329 824 1397 F.
839 1329 1046 1396 Hermannns
1068 1329 1109 1396 ad
1129 1328 1243 1396 Hiero·

200 1470 289 1535 aym.
311 1469 343 1538 p.
365 1447 438 1532 27),
466 1469 551 1514 6666
572 1447 690 1524 694160
719 1469 837 1539 minum
867 1446 1026 1512 decimum
1044 1457 1172 1515 sextum
1193 1468 1243 1511 66-

200 1564 274 1631 tatis
304 1566 373 1652 egit
398 1565 576 1653 meritoque
611 1587 630 1629 6
661 1562 788 1630 Catullo
820 1563 968 1629 undecim
1000 1565 1092 1629 annis
1123 1562 1243 1630 maiore

200 1691 279 1748 natu
297 1675 399 1769 ‘puer'
416 1680 569 1769 adpellari
582 1681 694 1769 potuit.
737 1691 879 1778 ceterum
894 1679 1164 1767 praetereundum
1178 1702 1243 1746 neu

201 1807 250 1864 est
281 1797 419 1864 eundem
452 1793 606 1885 ‘leporum
639 1797 793 1864 disertum
824 1819 957 1885 puerum
987 1807 1020 1862 et
1046 1791 1244 1864 facetiarum'

200 1915 351 1980 Asinium
366 1913 535 1980 Polionem
556 1923 678 2002 postea,
700 1936 772 1980 cum
792 1913 992 1997 adolenisset‚
1015 1924 1051 1979 ut
1066 1915 1098 1978 in
1114 1911 1243 1981 Cicero·

200 2051 272 2095 uem
292 2029 479 2098 Sallustium
494 2029 623 2097 Liuium
646 2029 725 2096 elios
745 2031 791 2095 ita
812 2031 907 2096 eliam
922 2031 954 2096 in
970 2029 1133 2097 Catullum
1148 2051 1244 2121 qnae·

201 2147 275 2214 dam
287 2147 453 2235 scripsisse
465 2147 581 2237 quibus
592 2148 733 2214 earmina
744 2148 813 2214 eius
825 2145 1096 2235 reprehenderet:
1112 2147 1143 2213 id
1157 2149 1243 2235 quod

201 2285 243 2332 ex
265 2261 402 2332 Charisii
424 2267 510 2350 loco,
541 2288 604 2353 que
628 2264 774 2332 Catullus
804 2276 937 2353 propter
965 2286 1068 2352 genus
1094 2274 1243 2331 neutrum

201 2381 292 2449 uerbi
318 2383 491 2470 popelinae
521 2383 651 2468 (xxxxn
671 2383 706 2466 5)
735 2382 911 2448 aPolione
943 2383 1145 2472 uituperatus
1173 2405 1244 2448 esse

200 2511 359 2584 narretur,
380 2500 606 2589 conligendum
625 2522 695 2566 esse
708 2499 872 2588 Hauptius
886 2510 920 2566 et
934 2498 1085 2566 Osannus
1101 2497 1245 2588 dispexe-

200 2627 277 2684 runt
296 2619 343 2704 (u.
365 2639 463 2708 supra
484 2639 514 2706 p.
534 2617 585 2683 24.
606 2617 670 2702 26).
702 2619 835 2684 fratrem
855 2617 999 2685 Polionis
1020 2618 1161 2683 furacem
1185 2615 1244 2684 Oa·

200 2735 298 2802 tullus
327 2758 393 2802 non
422 2736 490 2802 sine
516 2737 663 2802 acumine
695 2735 835 2824 quodam
861 2737 906 2801 ita
934 2735 1100 2802 adlocutus
1131 2744 1179 2801 est
1209 2746 1245 2800 ut

201 2852 323 2922 nomini
344 2851 412 2920 eins
428 2852 551 2940 patriae
564 2874 681 2918 nemen
697 2852 831 2920 adderet
847 2853 907 2939 (M
908 2877 928 2918 a
937 2857 1050 2918 rrnci
1055 2853 1243 2942 nastasia).

201 2969 306 3038 Asinii
336 2969 421 3035 enim
450 2991 491 3034 ex
519 2969 725 3054 Marrucinis,
755 2980 853 3058 genle
874 2968 990 3034 Marsis
1024 2990 1144 3057 genere
1173 2991 1244 3057 pro·

200 3087 321 3176 pinque
328 3136 337 3171 ,
368 3106 505 3176 quorum
540 3097 637 3174 caput
668 3084 770 3152 Teate
799 3107 901 3175 prope
921 3086 1082 3151 Aternum
1111 3084 1245 3150 fluuium

201 3215 271 3270 eret
300 3203 416 3288 situm,
451 3202 578 3269 oriundi
606 3203 737 3270 fuerunt
764 3204 818 3288 (cf.
847 3203 919 3270 Silii
946 3201 1058 3271 Punic.
1089 3225 1154 3268 xvn
1182 3201 1245 3268 453

201 3318 287 3388 Liuii
315 3321 444 3410 epitom.
473 3341 575 3387 Lxxm
616 3321 798 3388 Drumanni
826 3319 1028 3404 61661).
1070 3319 1148 3385 illud
1170 3341 1245 3386 scu·

200 3461 275 3505 men
306 3439 400 3528 quale
425 3439 467 3505 sit
493 3439 623 3506 Isaacus
646 3437 794 3514 Vossius,
812 3438 932 3526 optime
957 3437 1066 3503 docuit
1087 3435 1246 3524 Scaligeri
1324 3484 1327 3494 ,

201 3557 352 3644 opinione
362 3555 444 3624 false
455 3556 602 3623 refutata
636 3554 1245 3646 quicumduobuslocisaltero'l'erlul-

202 3672 277 3738 liani
289 3671 458 3760 (aduersus
469 3673 663 3740 Marcionem
679 3695 701 3738 v
718 3673 754 3738 17
768 3697 798 3762 p.
812 3673 874 3739 326
886 3671 994 3776 0611.)
1008 3671 1106 3738 altero
1118 3672 1245 3738 Paulini

203 3788 312 3878 (epist.
323 3791 340 3855 7
351 3813 383 3880 p.
398 3789 457 3857 102
463 3789 588 3876 Roaw.)
599 3791 683 3856 mels
689 3788 855 3878 explicatis
863 3789 1121 3856 Marrucinorum
1128 3809 1245 3854 nomen

202 3905 377 3973 conuitium
399 3907 599 3993 stupidorum
620 3907 717 3973 fuisse
731 3905 957 4001 contendisset,
979 3903 1113 3972 Vossius
1135 3913 1246 3968 oontm
