<?xml version="1.0" encoding="UTF-8"?>
<!DOCTYPE html PUBLIC "-//W3C//DTD XHTML 1.0 Transitional//EN"
    "http://www.w3.org/TR/xhtml1/DTD/xhtml1-transitional.dtd">
<html xmlns="http://www.w3.org/1999/xhtml" xml:lang="en" lang="en">
 <head>
  <title>
</title>
<meta http-equiv="Content-Type" content="text/html;charset=utf-8" />
  <meta name='ocr-system' content='tesseract 3.04.00' />
  <meta name='ocr-capabilities' content='ocr_page ocr_carea ocr_par ocr_line ocrx_word'/>
</head>
<body>
  <div class='ocr_page' id='page_1' title='image "./gvalericatvllil00schwgoog_0555.png"; bbox 0 0 2900 4478; ppageno 0'>
   <div class='ocr_carea' id='block_1_1' title="bbox 270 261 950 338">
    <p class='ocr_par' dir='ltr' id='par_1_1' title="bbox 270 261 950 338">
     <span class='ocr_line' id='line_1_1' title="bbox 270 261 950 338; baseline 0.006 -6"><span class='ocrx_word' id='word_1_1' title='bbox 270 263 333 332; x_wconf 78' lang='lat'><strong>130</strong></span> <span class='ocrx_word' id='word_1_2' title='bbox 647 281 776 338; x_wconf 81' lang='lat' dir='ltr'>uxvuu</span> <span class='ocrx_word' id='word_1_3' title='bbox 796 283 908 336; x_wconf 81' lang='lat' dir='ltr'><strong>u-er</strong></span> <span class='ocrx_word' id='word_1_4' title='bbox 941 261 950 280; x_wconf 89' lang='grc'><em>“</em></span> 
     </span>
    </p>
   </div>
   <div class='ocr_carea' id='block_1_2' title="bbox 271 469 1307 1272">
    <p class='ocr_par' dir='ltr' id='par_1_2' title="bbox 271 469 1307 1272">
     <span class='ocr_line' id='line_1_2' title="bbox 271 469 1307 555; baseline 0.007 -22"><span class='ocrx_word' id='word_1_5' title='bbox 271 469 312 533; x_wconf 83' lang='grc'><strong>15</strong></span> <span class='ocrx_word' id='word_1_6' title='bbox 336 477 569 553; x_wconf 81' lang='lat' dir='ltr'><strong>temporeque</strong></span> <span class='ocrx_word' id='word_1_7' title='bbox 592 471 736 554; x_wconf 89' lang='lat' dir='ltr'><strong>primum</strong></span> <span class='ocrx_word' id='word_1_8' title='bbox 759 471 862 538; x_wconf 81' lang='lat' dir='ltr'><strong>uestis</strong></span> <span class='ocrx_word' id='word_1_9' title='bbox 884 471 969 536; x_wconf 88' lang='lat' dir='ltr'><strong>mihi</strong></span> <span class='ocrx_word' id='word_1_10' title='bbox 992 470 1114 536; x_wconf 80' lang='lat' dir='ltr'><strong>tradita</strong></span> <span class='ocrx_word' id='word_1_11' title='bbox 1136 483 1307 555; x_wconf 76' lang='lat' dir='ltr'><strong>pareest,</strong></span> 
     </span>
     <span class='ocr_line' id='line_1_3' title="bbox 376 589 1128 675; baseline 0.004 -22"><span class='ocrx_word' id='word_1_12' title='bbox 376 589 553 656; x_wconf 87' lang='lat' dir='ltr'><strong>ioeuudum</strong></span> <span class='ocrx_word' id='word_1_13' title='bbox 577 611 652 656; x_wconf 87' lang='lat' dir='ltr'><strong>eum</strong></span> <span class='ocrx_word' id='word_1_14' title='bbox 675 597 764 656; x_wconf 80' lang='lat' dir='ltr'><strong>uetus</strong></span> <span class='ocrx_word' id='word_1_15' title='bbox 788 589 904 656; x_wconf 81' lang='lat' dir='ltr'><strong>florida</strong></span> <span class='ocrx_word' id='word_1_16' title='bbox 926 611 985 656; x_wconf 90' lang='lat' dir='ltr'><strong>uer</strong></span> <span class='ocrx_word' id='word_1_17' title='bbox 1008 601 1128 675; x_wconf 75' lang='lat' dir='ltr'><strong>egeret,</strong></span> 
     </span>
     <span class='ocr_line' id='line_1_4' title="bbox 336 693 1153 776; baseline 0.002 -2"><span class='ocrx_word' id='word_1_18' title='bbox 336 709 444 776; x_wconf 82' lang='lat' dir='ltr'><strong>multa</strong></span> <span class='ocrx_word' id='word_1_19' title='bbox 466 710 546 776; x_wconf 81' lang='lat' dir='ltr'><strong>setis</strong></span> <span class='ocrx_word' id='word_1_20' title='bbox 569 693 648 776; x_wconf 82' lang='lat' dir='ltr'><strong>lusi:</strong></span> <span class='ocrx_word' id='word_1_21' title='bbox 672 731 738 776; x_wconf 89' lang='lat' dir='ltr'><strong>non</strong></span> <span class='ocrx_word' id='word_1_22' title='bbox 760 719 812 776; x_wconf 86' lang='lat' dir='ltr'><strong>eet</strong></span> <span class='ocrx_word' id='word_1_23' title='bbox 834 710 894 776; x_wconf 79' lang='lat' dir='ltr'><strong>dee</strong></span> <span class='ocrx_word' id='word_1_24' title='bbox 916 712 1027 776; x_wconf 80' lang='lat' dir='ltr'><strong>neeeiu</strong></span> <span class='ocrx_word' id='word_1_25' title='bbox 1048 712 1153 776; x_wconf 81' lang='lat' dir='ltr'><strong>nostri</strong></span> 
     </span>
     <span class='ocr_line' id='line_1_5' title="bbox 378 830 1088 914; baseline -0.004 -17"><span class='ocrx_word' id='word_1_26' title='bbox 378 851 461 914; x_wconf 76' lang='lat' dir='ltr'><strong>quae</strong></span> <span class='ocrx_word' id='word_1_27' title='bbox 484 830 615 896; x_wconf 80' lang='lat' dir='ltr'>dulcem</span> <span class='ocrx_word' id='word_1_28' title='bbox 637 831 725 896; x_wconf 86' lang='lat' dir='ltr'><strong>euris</strong></span> <span class='ocrx_word' id='word_1_29' title='bbox 748 830 866 896; x_wconf 80' lang='lat' dir='ltr'><strong>miscet</strong></span> <span class='ocrx_word' id='word_1_30' title='bbox 888 831 1088 897; x_wconf 84' lang='lat' dir='ltr'><strong>umeritiem:</strong></span> 
     </span>
     <span class='ocr_line' id='line_1_6' title="bbox 336 948 1284 1017; baseline 0.003 -3"><span class='ocrx_word' id='word_1_31' title='bbox 336 948 392 1014; x_wconf 84' lang='lat' dir='ltr'><strong>sed</strong></span> <span class='ocrx_word' id='word_1_32' title='bbox 416 958 520 1016; x_wconf 85' lang='lat' dir='ltr'><strong>tutum</strong></span> <span class='ocrx_word' id='word_1_33' title='bbox 545 951 605 1016; x_wconf 89' lang='lat' dir='ltr'><strong>hoe</strong></span> <span class='ocrx_word' id='word_1_34' title='bbox 627 949 775 1016; x_wconf 76' lang='lat' dir='ltr'><strong>studium</strong></span> <span class='ocrx_word' id='word_1_35' title='bbox 799 951 889 1015; x_wconf 88' lang='lat' dir='ltr'><strong>luetu</strong></span> <span class='ocrx_word' id='word_1_36' title='bbox 912 950 1058 1016; x_wconf 78' lang='lat' dir='ltr'><strong>fraterna</strong></span> <span class='ocrx_word' id='word_1_37' title='bbox 1080 949 1165 1014; x_wconf 88' lang='lat' dir='ltr'><strong>mihi</strong></span> <span class='ocrx_word' id='word_1_38' title='bbox 1188 971 1284 1017; x_wconf 83' lang='lat' dir='ltr'><strong>mors</strong></span> 
     </span>
     <span class='ocr_line' id='line_1_7' title="bbox 272 1067 1146 1152; baseline 0 -20"><span class='ocrx_word' id='word_1_39' title='bbox 272 1067 314 1132; x_wconf 72' lang='lat'><strong>20</strong></span> <span class='ocrx_word' id='word_1_40' title='bbox 378 1068 523 1134; x_wconf 78' lang='lat' dir='ltr'><strong>abstulit.</strong></span> <span class='ocrx_word' id='word_1_41' title='bbox 568 1072 730 1134; x_wconf 84' lang='lat' dir='ltr'><strong>emisero</strong></span> <span class='ocrx_word' id='word_1_42' title='bbox 754 1071 855 1134; x_wconf 82' lang='lat' dir='ltr'><strong>freter</strong></span> <span class='ocrx_word' id='word_1_43' title='bbox 877 1070 1030 1152; x_wconf 81' lang='lat' dir='ltr'><strong>adempte</strong></span> <span class='ocrx_word' id='word_1_44' title='bbox 1053 1071 1146 1145; x_wconf 90' lang='lat' dir='ltr'><strong>mihi,</strong></span> 
     </span>
     <span class='ocr_line' id='line_1_8' title="bbox 337 1189 1185 1272; baseline 0 -20"><span class='ocrx_word' id='word_1_45' title='bbox 337 1196 374 1253; x_wconf 90' lang='lat' dir='ltr'><strong>tu</strong></span> <span class='ocrx_word' id='word_1_46' title='bbox 396 1209 471 1254; x_wconf 82' lang='lat' dir='ltr'><strong>mea</strong></span> <span class='ocrx_word' id='word_1_47' title='bbox 493 1196 531 1252; x_wconf 88' lang='lat' dir='ltr'><strong>tu</strong></span> <span class='ocrx_word' id='word_1_48' title='bbox 553 1189 696 1254; x_wconf 83' lang='lat' dir='ltr'><strong>moriens</strong></span> <span class='ocrx_word' id='word_1_49' title='bbox 719 1189 845 1272; x_wconf 78' lang='lat' dir='ltr'><strong>fregisti</strong></span> <span class='ocrx_word' id='word_1_50' title='bbox 868 1189 1049 1267; x_wconf 63' lang='lat' dir='ltr'><strong>eommodu</strong></span> <span class='ocrx_word' id='word_1_51' title='bbox 1073 1190 1185 1267; x_wconf 81' lang='lat' dir='ltr'><strong>frater,</strong></span> 
     </span>
    </p>
   </div>
   <div class='ocr_carea' id='block_1_3' title="bbox 379 1281 1179 1390">
    <p class='ocr_par' dir='ltr' id='par_1_3' title="bbox 379 1281 1179 1390">
     <span class='ocr_line' id='line_1_9' title="bbox 379 1281 1179 1390; baseline -0.003 -17"><span class='ocrx_word' id='word_1_52' title='bbox 379 1317 487 1373; x_wconf 82' lang='lat' dir='ltr'><strong>tecum</strong></span> <span class='ocrx_word' id='word_1_53' title='bbox 511 1327 578 1372; x_wconf 86' lang='lat' dir='ltr'><strong>unu</strong></span> <span class='ocrx_word' id='word_1_54' title='bbox 600 1316 669 1372; x_wconf 87' lang='lat' dir='ltr'><strong>totu</strong></span> <span class='ocrx_word' id='word_1_55' title='bbox 692 1317 741 1373; x_wconf 84' lang='lat' dir='ltr'><strong>eet</strong></span> <span class='ocrx_word' id='word_1_56' title='bbox 763 1314 877 1372; x_wconf 77' lang='lat' dir='ltr'><strong>nostru</strong></span> <span class='ocrx_word' id='word_1_57' title='bbox 899 1281 1026 1390; x_wconf 83' lang='lat' dir='ltr'><strong>sepulte</strong></span> <span class='ocrx_word' id='word_1_58' title='bbox 1050 1307 1179 1384; x_wconf 72' lang='lat' dir='ltr'>domus,</span> 
     </span>
    </p>
   </div>
   <div class='ocr_carea' id='block_1_4' title="bbox 274 1427 1247 2474">
    <p class='ocr_par' dir='ltr' id='par_1_4' title="bbox 274 1427 1247 2474">
     <span class='ocr_line' id='line_1_10' title="bbox 337 1427 1147 1512; baseline 0 -20"><span class='ocrx_word' id='word_1_59' title='bbox 337 1427 449 1492; x_wconf 80' lang='lat' dir='ltr'><strong>emnia</strong></span> <span class='ocrx_word' id='word_1_60' title='bbox 471 1435 579 1494; x_wconf 89' lang='lat' dir='ltr'><strong>teeum</strong></span> <span class='ocrx_word' id='word_1_61' title='bbox 603 1449 669 1492; x_wconf 84' lang='lat' dir='ltr'><strong>unu</strong></span> <span class='ocrx_word' id='word_1_62' title='bbox 692 1428 861 1510; x_wconf 78' lang='lat' dir='ltr'><strong>perierunt</strong></span> <span class='ocrx_word' id='word_1_63' title='bbox 882 1427 1004 1512; x_wconf 77' lang='lat' dir='ltr'><strong>gaudie</strong></span> <span class='ocrx_word' id='word_1_64' title='bbox 1024 1434 1147 1505; x_wconf 78' lang='lat' dir='ltr'><strong>nostru,</strong></span> 
     </span>
     <span class='ocr_line' id='line_1_11' title="bbox 380 1547 1099 1632; baseline 0.001 -20"><span class='ocrx_word' id='word_1_65' title='bbox 380 1567 464 1632; x_wconf 85' lang='lat' dir='ltr'><strong>quue</strong></span> <span class='ocrx_word' id='word_1_66' title='bbox 487 1556 564 1612; x_wconf 81' lang='lat' dir='ltr'><strong>tuus</strong></span> <span class='ocrx_word' id='word_1_67' title='bbox 587 1547 622 1611; x_wconf 89' lang='lat' dir='ltr'><strong>in</strong></span> <span class='ocrx_word' id='word_1_68' title='bbox 646 1549 716 1612; x_wconf 84' lang='lat' dir='ltr'><strong>uite</strong></span> <span class='ocrx_word' id='word_1_69' title='bbox 738 1547 844 1614; x_wconf 83' lang='lat' dir='ltr'><strong>duleis</strong></span> <span class='ocrx_word' id='word_1_70' title='bbox 867 1547 976 1613; x_wconf 83' lang='lat' dir='ltr'><strong>elebat</strong></span> <span class='ocrx_word' id='word_1_71' title='bbox 998 1567 1099 1614; x_wconf 84' lang='lat' dir='ltr'><strong>amor.</strong></span> 
     </span>
     <span class='ocr_line' id='line_1_12' title="bbox 274 1665 1096 1752; baseline -0.004 -19"><span class='ocrx_word' id='word_1_72' title='bbox 274 1667 316 1733; x_wconf 80' lang='lat'><strong>25</strong></span> <span class='ocrx_word' id='word_1_73' title='bbox 339 1669 433 1732; x_wconf 81' lang='lat' dir='ltr'><strong>euius</strong></span> <span class='ocrx_word' id='word_1_74' title='bbox 456 1687 516 1752; x_wconf 83' lang='lat' dir='ltr'><strong>ego</strong></span> <span class='ocrx_word' id='word_1_75' title='bbox 538 1667 672 1732; x_wconf 89' lang='lat' dir='ltr'><strong>interitu</strong></span> <span class='ocrx_word' id='word_1_76' title='bbox 695 1674 764 1732; x_wconf 81' lang='lat' dir='ltr'><strong>tote</strong></span> <span class='ocrx_word' id='word_1_77' title='bbox 786 1665 826 1731; x_wconf 89' lang='lat' dir='ltr'><strong>de</strong></span> <span class='ocrx_word' id='word_1_78' title='bbox 849 1673 959 1732; x_wconf 87' lang='lat' dir='ltr'><strong>mente</strong></span> <span class='ocrx_word' id='word_1_79' title='bbox 981 1667 1096 1750; x_wconf 82' lang='lat' dir='ltr'><strong>t&#39;uguui</strong></span> 
     </span>
     <span class='ocr_line' id='line_1_13' title="bbox 381 1786 1142 1870; baseline -0.004 -16"><span class='ocrx_word' id='word_1_80' title='bbox 381 1789 461 1854; x_wconf 83' lang='lat' dir='ltr'><strong>haee</strong></span> <span class='ocrx_word' id='word_1_81' title='bbox 482 1787 594 1853; x_wconf 78' lang='lat' dir='ltr'><strong>studia</strong></span> <span class='ocrx_word' id='word_1_82' title='bbox 616 1795 714 1870; x_wconf 84' lang='lat' dir='ltr'><strong>etque</strong></span> <span class='ocrx_word' id='word_1_83' title='bbox 736 1807 849 1852; x_wconf 83' lang='lat' dir='ltr'>omues</span> <span class='ocrx_word' id='word_1_84' title='bbox 873 1786 1007 1851; x_wconf 75' lang='lat' dir='ltr'><strong>delicias</strong></span> <span class='ocrx_word' id='word_1_85' title='bbox 1029 1787 1142 1852; x_wconf 84' lang='lat' dir='ltr'><strong>animi.</strong></span> 
     </span>
     <span class='ocr_line' id='line_1_14' title="bbox 338 1905 1141 1991; baseline -0.004 -18"><span class='ocrx_word' id='word_1_86' title='bbox 338 1929 447 1991; x_wconf 82' lang='lat' dir='ltr'><strong>quare,</strong></span> <span class='ocrx_word' id='word_1_87' title='bbox 470 1908 556 1990; x_wconf 86' lang='lat' dir='ltr'>quod</span> <span class='ocrx_word' id='word_1_88' title='bbox 580 1907 696 1972; x_wconf 81' lang='lat' dir='ltr'><strong>seribis</strong></span> <span class='ocrx_word' id='word_1_89' title='bbox 721 1906 868 1972; x_wconf 82' lang='lat' dir='ltr'><strong>Verenue</strong></span> <span class='ocrx_word' id='word_1_90' title='bbox 891 1916 986 1989; x_wconf 88' lang='lat' dir='ltr'><strong>turpe</strong></span> <span class='ocrx_word' id='word_1_91' title='bbox 1009 1905 1141 1972; x_wconf 74' lang='lat' dir='ltr'><strong>Getullu</strong></span> 
     </span>
     <span class='ocr_line' id='line_1_15' title="bbox 311 2025 1091 2110; baseline 0.004 -23"><span class='ocrx_word' id='word_1_92' title='bbox 311 2078 316 2087; x_wconf 95' lang='lat'>.</span> <span class='ocrx_word' id='word_1_93' title='bbox 381 2026 559 2110; x_wconf 80' lang='lat' dir='ltr'><strong>essequod</strong></span> <span class='ocrx_word' id='word_1_94' title='bbox 583 2028 637 2092; x_wconf 89' lang='lat' dir='ltr'><strong>hie</strong></span> <span class='ocrx_word' id='word_1_95' title='bbox 659 2027 770 2110; x_wconf 81' lang='lat' dir='ltr'><strong>quiuis</strong></span> <span class='ocrx_word' id='word_1_96' title='bbox 793 2025 833 2090; x_wconf 89' lang='lat' dir='ltr'><strong>de</strong></span> <span class='ocrx_word' id='word_1_97' title='bbox 856 2025 992 2090; x_wconf 89' lang='lat' dir='ltr'><strong>meliore</strong></span> <span class='ocrx_word' id='word_1_98' title='bbox 1014 2034 1091 2090; x_wconf 80' lang='lat' dir='ltr'><strong>note</strong></span> 
     </span>
     <span class='ocr_line' id='line_1_16' title="bbox 340 2144 1105 2232; baseline -0.008 -20"><span class='ocrx_word' id='word_1_99' title='bbox 340 2146 460 2232; x_wconf 80' lang='lat' dir='ltr'><strong>frigide</strong></span> <span class='ocrx_word' id='word_1_100' title='bbox 481 2145 610 2211; x_wconf 80' lang='lat' dir='ltr'><strong>deserte</strong></span> <span class='ocrx_word' id='word_1_101' title='bbox 634 2147 800 2230; x_wconf 76' lang='lat' dir='ltr'><strong>tepefactet</strong></span> <span class='ocrx_word' id='word_1_102' title='bbox 823 2144 970 2211; x_wconf 84' lang='lat' dir='ltr'><strong>membru</strong></span> <span class='ocrx_word' id='word_1_103' title='bbox 994 2145 1105 2217; x_wconf 77' lang='lat' dir='ltr'><strong>cubili,</strong></span> 
     </span>
     <span class='ocr_line' id='line_1_17' title="bbox 276 2265 1247 2348; baseline -0.005 -16"><span class='ocrx_word' id='word_1_104' title='bbox 276 2267 318 2332; x_wconf 84' lang='lat'><strong>30</strong></span> <span class='ocrx_word' id='word_1_105' title='bbox 383 2267 427 2343; x_wconf 90' lang='lat' dir='ltr'><strong>id,</strong></span> <span class='ocrx_word' id='word_1_106' title='bbox 450 2265 563 2342; x_wconf 80' lang='lat' dir='ltr'><strong>Manli,</strong></span> <span class='ocrx_word' id='word_1_107' title='bbox 587 2288 652 2330; x_wconf 89' lang='lat' dir='ltr'><strong>non</strong></span> <span class='ocrx_word' id='word_1_108' title='bbox 676 2274 726 2330; x_wconf 80' lang='lat' dir='ltr'><strong>est</strong></span> <span class='ocrx_word' id='word_1_109' title='bbox 749 2271 853 2348; x_wconf 81' lang='lat' dir='ltr'><strong>turpe,</strong></span> <span class='ocrx_word' id='word_1_110' title='bbox 876 2265 983 2348; x_wconf 71' lang='lat' dir='ltr'><strong>megin</strong></span> <span class='ocrx_word' id='word_1_111' title='bbox 1005 2267 1164 2329; x_wconf 87' lang='lat' dir='ltr'><strong>miserum</strong></span> <span class='ocrx_word' id='word_1_112' title='bbox 1186 2271 1247 2329; x_wconf 80' lang='lat' dir='ltr'><strong>est.</strong></span> 
     </span>
     <span class='ocr_line' id='line_1_18' title="bbox 339 2383 1179 2474; baseline -0.005 -22"><span class='ocrx_word' id='word_1_113' title='bbox 339 2389 487 2472; x_wconf 79' lang='lat' dir='ltr'><strong>ignosces</strong></span> <span class='ocrx_word' id='word_1_114' title='bbox 510 2389 619 2474; x_wconf 85' lang='lat' dir='ltr'><strong>igitur,</strong></span> <span class='ocrx_word' id='word_1_115' title='bbox 644 2389 682 2464; x_wconf 86' lang='lat' dir='ltr'><strong>si,</strong></span> <span class='ocrx_word' id='word_1_116' title='bbox 705 2385 890 2468; x_wconf 83' lang='lat' dir='ltr'><strong>quaemihi</strong></span> <span class='ocrx_word' id='word_1_117' title='bbox 917 2385 1023 2450; x_wconf 83' lang='lat' dir='ltr'><strong>luetus</strong></span> <span class='ocrx_word' id='word_1_118' title='bbox 1046 2383 1179 2462; x_wconf 75' lang='lat' dir='ltr'><strong>ademit,</strong></span> 
     </span>
    </p>
   </div>
   <div class='ocr_carea' id='block_1_5' title="bbox 276 2624 1030 2694">
    <p class='ocr_par' dir='ltr' id='par_1_5' title="bbox 276 2624 1030 2694">
     <span class='ocr_line' id='line_1_19' title="bbox 276 2624 1030 2694; baseline -0.007 -13"><span class='ocrx_word' id='word_1_119' title='bbox 276 2629 309 2681; x_wconf 74' lang='lat'><strong>27</strong></span> <span class='ocrx_word' id='word_1_120' title='bbox 328 2629 418 2681; x_wconf 70' lang='lat' dir='ltr'><strong>catullo</strong></span> <span class='ocrx_word' id='word_1_121' title='bbox 443 2629 455 2678; x_wconf 94' lang='lat' dir='ltr'>u</span> <span class='ocrx_word' id='word_1_122' title='bbox 475 2629 508 2680; x_wconf 74' lang='lat'><strong>28</strong></span> <span class='ocrx_word' id='word_1_123' title='bbox 526 2627 636 2694; x_wconf 71' lang='lat' dir='ltr'><strong>quisquis</strong></span> <span class='ocrx_word' id='word_1_124' title='bbox 661 2624 864 2692; x_wconf 78' lang='lat' dir='ltr'><strong>1129tepesueit</strong></span> <span class='ocrx_word' id='word_1_125' title='bbox 888 2625 900 2673; x_wconf 89' lang='grc' dir='ltr'><strong>ΙΙ</strong></span> <span class='ocrx_word' id='word_1_126' title='bbox 919 2624 954 2675; x_wconf 79' lang='grc'><strong>80</strong></span> <span class='ocrx_word' id='word_1_127' title='bbox 971 2625 1030 2676; x_wconf 71' lang='lat' dir='ltr'><strong>muli</strong></span> 
     </span>
    </p>
   </div>
   <div class='ocr_carea' id='block_1_6' title="bbox 276 2789 1303 3886">
    <p class='ocr_par' dir='ltr' id='par_1_6' title="bbox 276 2789 1303 3375">
     <span class='ocr_line' id='line_1_20' title="bbox 381 2789 1302 2874; baseline -0.008 -23"><span class='ocrx_word' id='word_1_128' title='bbox 381 2801 412 2851; x_wconf 88' lang='grc'><strong>16</strong></span> <span class='ocrx_word' id='word_1_129' title='bbox 430 2799 567 2853; x_wconf 81' lang='lat' dir='ltr'>Iucundum</span> <span class='ocrx_word' id='word_1_130' title='bbox 587 2789 665 2874; x_wconf 66' lang='grc' dir='ltr'><strong>βίω</strong></span> <span class='ocrx_word' id='word_1_131' title='bbox 749 2796 852 2847; x_wconf 77' lang='lat'>21-24</span> <span class='ocrx_word' id='word_1_132' title='bbox 870 2795 909 2845; x_wconf 73' lang='lat' dir='ltr'><strong>det</strong></span> <span class='ocrx_word' id='word_1_133' title='bbox 926 2794 1089 2845; x_wconf 75' lang='lat' dir='ltr'><strong>Freetilickiue</strong></span> <span class='ocrx_word' id='word_1_134' title='bbox 1109 2795 1242 2844; x_wconf 78' lang='lat' dir='ltr'><strong>arbitratus</strong></span> <span class='ocrx_word' id='word_1_135' title='bbox 1261 2811 1302 2844; x_wconf 72' lang='lat' dir='ltr'><strong>eeu</strong></span> 
     </span>
     <span class='ocr_line' id='line_1_21' title="bbox 276 2878 1303 2952; baseline -0.008 -16"><span class='ocrx_word' id='word_1_136' title='bbox 276 2896 333 2952; x_wconf 81' lang='lat' dir='ltr'><strong>post</strong></span> <span class='ocrx_word' id='word_1_137' title='bbox 354 2885 411 2935; x_wconf 89' lang='lat' dir='ltr'><strong>LX</strong></span> <span class='ocrx_word' id='word_1_138' title='bbox 418 2881 441 2935; x_wconf 86' lang='lat' dir='ltr'><em>V</em></span> <span class='ocrx_word' id='word_1_139' title='bbox 459 2889 475 2936; x_wconf 75' lang='grc'><em>8</em></span> <span class='ocrx_word' id='word_1_140' title='bbox 497 2884 652 2935; x_wconf 81' lang='lat' dir='ltr'><em>conlocandos</em></span> <span class='ocrx_word' id='word_1_141' title='bbox 675 2899 726 2933; x_wconf 74' lang='lat' dir='ltr'><strong>esse</strong></span> <span class='ocrx_word' id='word_1_142' title='bbox 747 2882 794 2946; x_wconf 84' lang='lat' dir='ltr'><em>(cs.</em></span> <span class='ocrx_word' id='word_1_143' title='bbox 817 2881 995 2931; x_wconf 76' lang='lat' dir='ltr'><strong>Luchruauuum</strong></span> <span class='ocrx_word' id='word_1_144' title='bbox 1016 2879 1052 2930; x_wconf 77' lang='lat' dir='ltr'><strong>ad</strong></span> <span class='ocrx_word' id='word_1_145' title='bbox 1072 2878 1156 2929; x_wconf 88' lang='lat' dir='ltr'><strong>LXV</strong></span> <span class='ocrx_word' id='word_1_146' title='bbox 1176 2881 1218 2942; x_wconf 79' lang='lat'><strong>8).</strong></span> <span class='ocrx_word' id='word_1_147' title='bbox 1263 2878 1303 2928; x_wconf 70' lang='lat' dir='ltr'><strong>det</strong></span> 
     </span>
     <span class='ocr_line' id='line_1_22' title="bbox 278 2962 1302 3030; baseline -0.01 -8"><span class='ocrx_word' id='word_1_148' title='bbox 278 2970 371 3022; x_wconf 78' lang='lat' dir='ltr'><strong>eosdem·</strong></span> <span class='ocrx_word' id='word_1_149' title='bbox 394 2969 586 3022; x_wconf 74' lang='lat' dir='ltr'><strong>GBeruitardius</strong></span> <span class='ocrx_word' id='word_1_150' title='bbox 610 2970 663 3022; x_wconf 63' lang='lat' dir='ltr'><strong>laist.</strong></span> <span class='ocrx_word' id='word_1_151' title='bbox 688 2969 731 3020; x_wconf 80' lang='lat' dir='ltr'><strong>litt.</strong></span> <span class='ocrx_word' id='word_1_152' title='bbox 753 2969 821 3017; x_wconf 75' lang='lat' dir='ltr'><strong>rou.⁴</strong></span> <span class='ocrx_word' id='word_1_153' title='bbox 846 2965 903 3017; x_wconf 77' lang='lat'><strong>552</strong></span> <span class='ocrx_word' id='word_1_154' title='bbox 925 2967 1094 3030; x_wconf 71' lang='lat' dir='ltr'><strong>resupinatus</strong></span> <span class='ocrx_word' id='word_1_155' title='bbox 1112 2983 1141 3014; x_wconf 70' lang='lat' dir='ltr'><strong>ex</strong></span> <span class='ocrx_word' id='word_1_156' title='bbox 1158 2963 1216 3014; x_wconf 84' lang='lat' dir='ltr'><strong>LX</strong></span> <span class='ocrx_word' id='word_1_157' title='bbox 1221 2962 1302 3014; x_wconf 69' lang='lat' dir='ltr'><strong>Vtut</strong></span> 
     </span>
     <span class='ocr_line' id='line_1_23' title="bbox 279 3051 1298 3123; baseline -0.012 -13"><span class='ocrx_word' id='word_1_158' title='bbox 279 3059 316 3110; x_wconf 79' lang='lat'><strong>93</strong></span> <span class='ocrx_word' id='word_1_159' title='bbox 337 3077 374 3123; x_wconf 79' lang='lat' dir='ltr'><strong>sq.</strong></span> <span class='ocrx_word' id='word_1_160' title='bbox 386 3056 459 3122; x_wconf 73' lang='lat' dir='ltr'><em>saluo</em></span> <span class='ocrx_word' id='word_1_161' title='bbox 482 3056 525 3106; x_wconf 70' lang='lat' dir='ltr'><strong>lucc</strong></span> <span class='ocrx_word' id='word_1_162' title='bbox 547 3055 636 3106; x_wconf 77' lang='lat' dir='ltr'><strong>inlatos</strong></span> <span class='ocrx_word' id='word_1_163' title='bbox 658 3071 709 3104; x_wconf 77' lang='lat' dir='ltr'><strong>erre</strong></span> <span class='ocrx_word' id='word_1_164' title='bbox 731 3063 752 3102; x_wconf 75' lang='lat' dir='ltr'><strong>et</strong></span> <span class='ocrx_word' id='word_1_165' title='bbox 770 3051 905 3103; x_wconf 62' lang='lat' dir='ltr'><strong>Aii&#39;eieiur</strong></span> <span class='ocrx_word' id='word_1_166' title='bbox 920 3067 1004 3116; x_wconf 73' lang='lat' dir='ltr'><strong>propr.</strong></span> <span class='ocrx_word' id='word_1_167' title='bbox 1022 3067 1099 3118; x_wconf 76' lang='lat' dir='ltr'><strong>pymn.</strong></span> <span class='ocrx_word' id='word_1_168' title='bbox 1118 3051 1256 3114; x_wconf 72' lang='lat' dir='ltr'><strong>erwiiaburp.</strong></span> <span class='ocrx_word' id='word_1_169' title='bbox 1274 3067 1298 3098; x_wconf 78' lang='lat' dir='ltr'><strong>a.</strong></span> 
     </span>
     <span class='ocr_line' id='line_1_24' title="bbox 278 3133 1223 3208; baseline -0.011 -13"><span class='ocrx_word' id='word_1_170' title='bbox 278 3143 351 3196; x_wconf 85' lang='grc'><strong><em>1863</em></strong></span> <span class='ocrx_word' id='word_1_171' title='bbox 366 3161 391 3208; x_wconf 82' lang='grc' dir='ltr'><strong>ρ,</strong></span> <span class='ocrx_word' id='word_1_172' title='bbox 411 3142 448 3193; x_wconf 87' lang='grc'><strong>23</strong></span> <span class='ocrx_word' id='word_1_173' title='bbox 466 3150 577 3206; x_wconf 71' lang='lat' dir='ltr'><strong>curpett</strong></span> <span class='ocrx_word' id='word_1_174' title='bbox 597 3139 635 3190; x_wconf 84' lang='lat' dir='ltr'><strong>CI</strong></span> <span class='ocrx_word' id='word_1_175' title='bbox 652 3139 669 3190; x_wconf 93' lang='grc'><strong><em>6</em></strong></span> <span class='ocrx_word' id='word_1_176' title='bbox 686 3139 811 3188; x_wconf 75' lang='lat' dir='ltr'><strong><em>conlocans</em></strong></span> <span class='ocrx_word' id='word_1_177' title='bbox 885 3136 919 3186; x_wconf 78' lang='lat'><strong>26</strong></span> <span class='ocrx_word' id='word_1_178' title='bbox 937 3137 1016 3186; x_wconf 81' lang='lat' dir='ltr'><strong>omniu</strong></span> <span class='ocrx_word' id='word_1_179' title='bbox 1034 3135 1157 3201; x_wconf 74' lang='lat' dir='ltr'><strong>(datarus)</strong></span> <span class='ocrx_word' id='word_1_180' title='bbox 1177 3133 1223 3184; x_wconf 84' lang='lat' dir='ltr'><strong>Lru</strong></span> 
     </span>
     <span class='ocr_line' id='line_1_25' title="bbox 278 3219 1301 3290; baseline -0.011 -11"><span class='ocrx_word' id='word_1_181' title='bbox 278 3227 311 3279; x_wconf 76' lang='lat'><strong>2¹1</strong></span> <span class='ocrx_word' id='word_1_182' title='bbox 331 3228 429 3279; x_wconf 74' lang='lat' dir='ltr'><strong>Catulle</strong></span> <span class='ocrx_word' id='word_1_183' title='bbox 454 3225 568 3290; x_wconf 81' lang='lat' dir='ltr'><strong>V‘qued,</strong></span> <span class='ocrx_word' id='word_1_184' title='bbox 587 3225 610 3274; x_wconf 79' lang='lat' dir='ltr'><strong>ri</strong></span> <span class='ocrx_word' id='word_1_185' title='bbox 626 3225 685 3274; x_wconf 79' lang='lat' dir='ltr'><strong>iuter</strong></span> <span class='ocrx_word' id='word_1_186' title='bbox 704 3223 748 3274; x_wconf 85' lang='lat' dir='ltr'><strong>due</strong></span> <span class='ocrx_word' id='word_1_187' title='bbox 767 3231 881 3272; x_wconf 81' lang='lat' dir='ltr'><strong>commata</strong></span> <span class='ocrx_word' id='word_1_188' title='bbox 900 3221 1000 3287; x_wconf 67' lang='lat' dir='ltr'><strong>lepram,</strong></span> <span class='ocrx_word' id='word_1_189' title='bbox 1018 3221 1115 3286; x_wconf 71' lang='lat' dir='ltr'><strong>uulqate</strong></span> <span class='ocrx_word' id='word_1_190' title='bbox 1134 3237 1179 3270; x_wconf 89' lang='lat' dir='ltr'><strong>ueu</strong></span> <span class='ocrx_word' id='word_1_191' title='bbox 1197 3219 1301 3269; x_wconf 74' lang='lat' dir='ltr'><strong>(leterius</strong></span> 
     </span>
     <span class='ocr_line' id='line_1_26' title="bbox 279 3305 1301 3375; baseline -0.01 -11"><span class='ocrx_word' id='word_1_192' title='bbox 279 3313 321 3364; x_wconf 80' lang='lat' dir='ltr'><strong>eet’</strong></span> <span class='ocrx_word' id='word_1_193' title='bbox 341 3311 470 3364; x_wconf 78' lang='lat' dir='ltr'><strong>Suuteuiue</strong></span> <span class='ocrx_word' id='word_1_194' title='bbox 488 3311 522 3361; x_wconf 87' lang='lat' dir='ltr'><strong>ad</strong></span> <span class='ocrx_word' id='word_1_195' title='bbox 541 3309 634 3360; x_wconf 76' lang='lat' dir='ltr'><strong>Caum</strong></span> <span class='ocrx_word' id='word_1_196' title='bbox 650 3309 747 3375; x_wconf 77' lang='lat' dir='ltr'><strong>eleyiaui</strong></span> <span class='ocrx_word' id='word_1_197' title='bbox 765 3307 799 3358; x_wconf 77' lang='lat' dir='ltr'><strong>cul</strong></span> <span class='ocrx_word' id='word_1_198' title='bbox 816 3305 936 3356; x_wconf 83' lang='lat' dir='ltr'><strong>Manlium</strong></span> <span class='ocrx_word' id='word_1_199' title='bbox 959 3305 1051 3372; x_wconf 72' lang='lat' dir='ltr'>(Luyd.</span> <span class='ocrx_word' id='word_1_200' title='bbox 1069 3305 1160 3356; x_wconf 74' lang='lat' dir='ltr'><strong>Batou.</strong></span> <span class='ocrx_word' id='word_1_201' title='bbox 1181 3306 1265 3370; x_wconf 69' lang='lat'><em>178⁸)</em></span> <span class='ocrx_word' id='word_1_202' title='bbox 1287 3305 1301 3354; x_wconf 93' lang='grc'><em>7</em></span> 
     </span>
    </p>

    <p class='ocr_par' dir='ltr' id='par_1_7' title="bbox 280 3389 1302 3886">
     <span class='ocr_line' id='line_1_27' title="bbox 382 3389 1302 3464; baseline -0.007 -16"><span class='ocrx_word' id='word_1_203' title='bbox 382 3397 415 3448; x_wconf 81' lang='lat'><strong>28</strong></span> <span class='ocrx_word' id='word_1_204' title='bbox 433 3397 515 3464; x_wconf 75' lang='lat' dir='ltr'><strong>quiuis</strong></span> <span class='ocrx_word' id='word_1_205' title='bbox 533 3393 716 3444; x_wconf 75' lang='lat' dir='ltr'><strong>Lariumuuus*</strong></span> <span class='ocrx_word' id='word_1_206' title='bbox 736 3394 779 3459; x_wconf 86' lang='lat' dir='ltr'><strong><em>(cs.</em></strong></span> <span class='ocrx_word' id='word_1_207' title='bbox 799 3391 834 3442; x_wconf 81' lang='lat' dir='ltr'><strong>ad</strong></span> <span class='ocrx_word' id='word_1_208' title='bbox 849 3392 945 3442; x_wconf 82' lang='lat' dir='ltr'><strong>Lucret.</strong></span> <span class='ocrx_word' id='word_1_209' title='bbox 960 3409 986 3455; x_wconf 78' lang='lat' dir='ltr'><strong>p.</strong></span> <span class='ocrx_word' id='word_1_210' title='bbox 1006 3391 1086 3455; x_wconf 76' lang='lat' dir='ltr'><strong>2tt):</strong></span> <span class='ocrx_word' id='word_1_211' title='bbox 1105 3391 1215 3457; x_wconf 77' lang='lat' dir='ltr'><strong>qu&#39;uquis</strong></span> <span class='ocrx_word' id='word_1_212' title='bbox 1237 3389 1260 3438; x_wconf 87' lang='lat' dir='ltr'><em>V</em></span> <span class='ocrx_word' id='word_1_213' title='bbox 1276 3406 1302 3442; x_wconf 82' lang='lat' dir='ltr'><strong>tu</strong></span> 
     </span>
     <span class='ocr_line' id='line_1_28' title="bbox 280 3475 1302 3546; baseline -0.01 -10"><span class='ocrx_word' id='word_1_214' title='bbox 280 3485 326 3536; x_wconf 88' lang='lat' dir='ltr'><strong>Lm</strong></span> <span class='ocrx_word' id='word_1_215' title='bbox 350 3483 496 3534; x_wconf 82' lang='lat' dir='ltr'><strong>Foreelliuue</strong></span> <span class='ocrx_word' id='word_1_216' title='bbox 518 3482 542 3532; x_wconf 83' lang='lat' dir='ltr'><strong>in</strong></span> <span class='ocrx_word' id='word_1_217' title='bbox 566 3480 638 3530; x_wconf 77' lang='lat' dir='ltr'><strong>lexico</strong></span> <span class='ocrx_word' id='word_1_218' title='bbox 661 3497 680 3531; x_wconf 80' lang='lat' dir='ltr'><strong>e.</strong></span> <span class='ocrx_word' id='word_1_219' title='bbox 703 3498 726 3532; x_wconf 85' lang='lat' dir='ltr'><strong>u.</strong></span> <span class='ocrx_word' id='word_1_220' title='bbox 751 3479 880 3546; x_wconf 76' lang='lat' dir='ltr'><strong>quiequam</strong></span> <span class='ocrx_word' id='word_1_221' title='bbox 907 3475 1016 3527; x_wconf 68' lang='lat' dir='ltr'><strong>Muretus</strong></span> <span class='ocrx_word' id='word_1_222' title='bbox 1043 3475 1167 3526; x_wconf 77' lang='lat' dir='ltr'><strong>Liuineius</strong></span> <span class='ocrx_word' id='word_1_223' title='bbox 1193 3485 1240 3526; x_wconf 64' lang='grc' dir='ltr'><strong>ποί.</strong></span> <span class='ocrx_word' id='word_1_224' title='bbox 1263 3475 1302 3526; x_wconf 85' lang='grc'><strong>26</strong></span> 
     </span>
     <span class='ocr_line' id='line_1_29' title="bbox 280 3560 1301 3636; baseline -0.012 -15"><span class='ocrx_word' id='word_1_225' title='bbox 280 3570 392 3636; x_wconf 79' lang='lat' dir='ltr'><strong>quisquis</strong></span> <span class='ocrx_word' id='word_1_226' title='bbox 410 3570 442 3620; x_wconf 85' lang='lat' dir='ltr'><strong>de</strong></span> <span class='ocrx_word' id='word_1_227' title='bbox 460 3567 562 3620; x_wconf 86' lang='lat' dir='ltr'><strong>meliore</strong></span> <span class='ocrx_word' id='word_1_228' title='bbox 581 3573 640 3617; x_wconf 86' lang='lat' dir='ltr'><strong>netu</strong></span> <span class='ocrx_word' id='word_1_229' title='bbox 657 3573 696 3617; x_wconf 81' lang='lat' dir='ltr'><strong>eet</strong></span> <span class='ocrx_word' id='word_1_230' title='bbox 713 3574 824 3629; x_wconf 77' lang='lat' dir='ltr'><strong>excerpta</strong></span> <span class='ocrx_word' id='word_1_231' title='bbox 842 3563 937 3612; x_wconf 82' lang='lat' dir='ltr'><strong>Perreii</strong></span> <span class='ocrx_word' id='word_1_232' title='bbox 1016 3562 1049 3613; x_wconf 78' lang='lat'><strong>29</strong></span> <span class='ocrx_word' id='word_1_233' title='bbox 1066 3562 1203 3628; x_wconf 69' lang='lat' dir='ltr'><strong>tepefactet</strong></span> <span class='ocrx_word' id='word_1_234' title='bbox 1221 3560 1301 3628; x_wconf 70' lang='lat' dir='ltr'><strong>Bery-</strong></span> 
     </span>
     <span class='ocr_line' id='line_1_30' title="bbox 281 3639 1300 3723; baseline -0.011 -17"><span class='ocrx_word' id='word_1_235' title='bbox 281 3657 334 3706; x_wconf 75' lang='lat' dir='ltr'><strong>kiue</strong></span> <span class='ocrx_word' id='word_1_236' title='bbox 353 3654 447 3722; x_wconf 81' lang='lat' dir='ltr'><strong>(IIp.²):</strong></span> <span class='ocrx_word' id='word_1_237' title='bbox 465 3653 586 3721; x_wconf 77' lang='lat' dir='ltr'><strong>tepefueit</strong></span> <span class='ocrx_word' id='word_1_238' title='bbox 604 3649 629 3700; x_wconf 92' lang='lat' dir='ltr'><strong><em>V</em></strong></span> <span class='ocrx_word' id='word_1_239' title='bbox 642 3651 686 3701; x_wconf 83' lang='lat' dir='ltr'><strong>Lu</strong></span> <span class='ocrx_word' id='word_1_240' title='bbox 706 3649 843 3715; x_wconf 82' lang='lat' dir='ltr'><strong>tepesuetut</strong></span> <span class='ocrx_word' id='word_1_241' title='bbox 862 3639 878 3723; x_wconf 89' lang='grc' dir='ltr'><strong>β</strong></span> <span class='ocrx_word' id='word_1_242' title='bbox 894 3647 1014 3714; x_wconf 78' lang='lat' dir='ltr'><strong>tepesaxit</strong></span> <span class='ocrx_word' id='word_1_243' title='bbox 1032 3645 1212 3698; x_wconf 70' lang='lat' dir='ltr'><strong>tacuimus*</strong></span> <span class='ocrx_word' id='word_1_244' title='bbox 1225 3645 1300 3712; x_wconf 80' lang='lat' dir='ltr'><strong>(Hp.¹</strong></span> 
     </span>
     <span class='ocr_line' id='line_1_31' title="bbox 281 3726 1240 3812; baseline -0.009 -21"><span class='ocrx_word' id='word_1_245' title='bbox 281 3739 328 3792; x_wconf 81' lang='lat' dir='ltr'><strong>He.</strong></span> <span class='ocrx_word' id='word_1_246' title='bbox 348 3739 406 3804; x_wconf 78' lang='lat' dir='ltr'><strong>Re.)</strong></span> <span class='ocrx_word' id='word_1_247' title='bbox 428 3739 545 3805; x_wconf 84' lang='lat' dir='ltr'><strong>tepeseeit</strong></span> <span class='ocrx_word' id='word_1_248' title='bbox 564 3730 580 3812; x_wconf 84' lang='grc' dir='ltr'><strong>β</strong></span> <span class='ocrx_word' id='word_1_249' title='bbox 596 3736 655 3786; x_wconf 77' lang='lat' dir='ltr'><strong>Lm*</strong></span> <span class='ocrx_word' id='word_1_250' title='bbox 673 3753 699 3789; x_wconf 85' lang='lat' dir='ltr'><strong>tu</strong></span> <span class='ocrx_word' id='word_1_251' title='bbox 719 3735 823 3802; x_wconf 79' lang='lat' dir='ltr'><strong>tepefiat</strong></span> <span class='ocrx_word' id='word_1_252' title='bbox 842 3739 883 3798; x_wconf 73' lang='lat' dir='ltr'><strong>(ex</strong></span> <span class='ocrx_word' id='word_1_253' title='bbox 900 3733 1021 3800; x_wconf 77' lang='lat' dir='ltr'><strong>tepefiunt</strong></span> <span class='ocrx_word' id='word_1_254' title='bbox 1039 3726 1069 3810; x_wconf 83' lang='grc' dir='ltr'><strong>β)</strong></span> <span class='ocrx_word' id='word_1_255' title='bbox 1090 3731 1240 3783; x_wconf 71' lang='lat' dir='ltr'><strong>Schraderue</strong></span> 
     </span>
     <span class='ocr_line' id='line_1_32' title="bbox 281 3817 1238 3886; baseline -0.008 -11"><span class='ocrx_word' id='word_1_256' title='bbox 281 3825 316 3876; x_wconf 76' lang='lat'><strong>30</strong></span> <span class='ocrx_word' id='word_1_257' title='bbox 328 3823 397 3874; x_wconf 75' lang='lat' dir='ltr'><strong>Meni</strong></span> <span class='ocrx_word' id='word_1_258' title='bbox 410 3823 462 3873; x_wconf 86' lang='lat' dir='ltr'><strong>Lm.</strong></span> <span class='ocrx_word' id='word_1_259' title='bbox 474 3824 504 3886; x_wconf 71' lang='lat' dir='ltr'><strong>qs.</strong></span> <span class='ocrx_word' id='word_1_260' title='bbox 516 3841 538 3873; x_wconf 87' lang='lat' dir='ltr'><strong>u.</strong></span> <span class='ocrx_word' id='word_1_261' title='bbox 552 3823 583 3872; x_wconf 83' lang='lat'><strong>11</strong></span> <span class='ocrx_word' id='word_1_262' title='bbox 645 3821 788 3873; x_wconf 77' lang='lat' dir='ltr'><strong>miserumet</strong></span> <span class='ocrx_word' id='word_1_263' title='bbox 806 3819 974 3870; x_wconf 71' lang='lat' dir='ltr'><strong>Lachmamtur</strong></span> <span class='ocrx_word' id='word_1_264' title='bbox 992 3817 1027 3869; x_wconf 80' lang='lat' dir='ltr'><strong>ad</strong></span> <span class='ocrx_word' id='word_1_265' title='bbox 1044 3818 1139 3868; x_wconf 68' lang='lat' dir='ltr'><strong>Duaet.</strong></span> <span class='ocrx_word' id='word_1_266' title='bbox 1154 3835 1181 3884; x_wconf 84' lang='lat' dir='ltr'><strong>p.</strong></span> <span class='ocrx_word' id='word_1_267' title='bbox 1203 3817 1238 3868; x_wconf 83' lang='grc'><strong>67</strong></span> 
     </span>
    </p>
   </div>
   <div class='ocr_carea' id='block_1_7' title="bbox 0 0 1466 4478">
    <p class='ocr_par' dir='ltr' id='par_1_8' title="bbox 0 0 1466 4478">
     <span class='ocr_line' id='line_1_33' title="bbox 0 0 1466 4478; baseline 0 0"><span class='ocrx_word' id='word_1_268' title='bbox 0 0 1466 4478; x_wconf 95' lang='lat' dir='ltr'><strong> </strong></span> 
     </span>
    </p>
   </div>
  </div>
 </body>
</html>
