<?xml version="1.0" encoding="UTF-8"?>
<!DOCTYPE html PUBLIC "-//W3C//DTD XHTML 1.0 Transitional//EN"
    "http://www.w3.org/TR/xhtml1/DTD/xhtml1-transitional.dtd">
<html xmlns="http://www.w3.org/1999/xhtml" xml:lang="en" lang="en">
 <head>
  <title>
</title>
<meta http-equiv="Content-Type" content="text/html;charset=utf-8" />
  <meta name='ocr-system' content='tesseract 3.04.00' />
  <meta name='ocr-capabilities' content='ocr_page ocr_carea ocr_par ocr_line ocrx_word'/>
</head>
<body>
  <div class='ocr_page' id='page_1' title='image "./gvalericatvllil00schwgoog_0212.png"; bbox 0 0 2970 4484; ppageno 0'>
   <div class='ocr_carea' id='block_1_1' title="bbox 319 383 1167 438">
    <p class='ocr_par' dir='ltr' id='par_1_1' title="bbox 319 383 1167 438">
     <span class='ocr_line' id='line_1_1' title="bbox 319 383 1167 438; baseline 0.002 -3"><span class='ocrx_word' id='word_1_1' title='bbox 319 383 397 436; x_wconf 83' lang='lat' dir='ltr'><strong>vnn</strong></span> <span class='ocrx_word' id='word_1_2' title='bbox 429 384 477 436; x_wconf 71' lang='lat' dir='ltr'><strong>DE</strong></span> <span class='ocrx_word' id='word_1_3' title='bbox 495 383 654 437; x_wconf 74' lang='lat' dir='ltr'>CAESARE</span> <span class='ocrx_word' id='word_1_4' title='bbox 671 383 719 436; x_wconf 70' lang='grc' dir='ltr'><strong>ΕΤ</strong></span> <span class='ocrx_word' id='word_1_5' title='bbox 736 383 967 437; x_wconf 77' lang='lat' dir='ltr'><strong>osussnmute</strong></span> <span class='ocrx_word' id='word_1_6' title='bbox 1119 387 1167 438; x_wconf 73' lang='grc'><strong>199</strong></span> 
     </span>
    </p>
   </div>
   <div class='ocr_carea' id='block_1_2' title="bbox 113 549 1173 4034">
    <p class='ocr_par' dir='ltr' id='par_1_2' title="bbox 113 549 1173 4034">
     <span class='ocr_line' id='line_1_2' title="bbox 115 549 1169 640; baseline 0 -24"><span class='ocrx_word' id='word_1_7' title='bbox 115 573 183 640; x_wconf 89' lang='lat' dir='ltr'><strong>qno</strong></span> <span class='ocrx_word' id='word_1_8' title='bbox 212 549 320 618; x_wconf 86' lang='lat' dir='ltr'><strong>scriba</strong></span> <span class='ocrx_word' id='word_1_9' title='bbox 351 549 391 616; x_wconf 87' lang='lat' dir='ltr'><strong>sd</strong></span> <span class='ocrx_word' id='word_1_10' title='bbox 418 571 476 616; x_wconf 88' lang='lat' dir='ltr'><strong>eos</strong></span> <span class='ocrx_word' id='word_1_11' title='bbox 505 550 700 618; x_wconf 86' lang='lat' dir='ltr'><strong>omittendos</strong></span> <span class='ocrx_word' id='word_1_12' title='bbox 729 549 840 638; x_wconf 81' lang='lat' dir='ltr'><strong>inpelli</strong></span> <span class='ocrx_word' id='word_1_13' title='bbox 860 552 1011 638; x_wconf 86' lang='lat' dir='ltr'><strong>potuerit.</strong></span> <span class='ocrx_word' id='word_1_14' title='bbox 1054 549 1169 617; x_wconf 89' lang='lat' dir='ltr'><strong>deinde</strong></span> 
     </span>
     <span class='ocr_line' id='line_1_3' title="bbox 114 667 1171 758; baseline 0 -24"><span class='ocrx_word' id='word_1_15' title='bbox 114 691 157 735; x_wconf 86' lang='lat' dir='ltr'><strong>ex</strong></span> <span class='ocrx_word' id='word_1_16' title='bbox 179 690 296 734; x_wconf 65' lang='lat' dir='ltr'><strong>mussa</strong></span> <span class='ocrx_word' id='word_1_17' title='bbox 317 689 356 734; x_wconf 85' lang='lat' dir='ltr'><strong>ea</strong></span> <span class='ocrx_word' id='word_1_18' title='bbox 377 691 473 756; x_wconf 88' lang='lat' dir='ltr'><strong>quam</strong></span> <span class='ocrx_word' id='word_1_19' title='bbox 496 691 596 756; x_wconf 87' lang='lat' dir='ltr'><strong>supra</strong></span> <span class='ocrx_word' id='word_1_20' title='bbox 616 667 850 756; x_wconf 76' lang='lat' dir='ltr'><strong>explicabimus</strong></span> <span class='ocrx_word' id='word_1_21' title='bbox 878 668 949 735; x_wconf 84' lang='lat' dir='ltr'><strong>fieri</strong></span> <span class='ocrx_word' id='word_1_22' title='bbox 977 691 1042 734; x_wconf 87' lang='lat' dir='ltr'><strong>non</strong></span> <span class='ocrx_word' id='word_1_23' title='bbox 1064 668 1171 758; x_wconf 89' lang='lat' dir='ltr'><strong>potuit</strong></span> 
     </span>
     <span class='ocr_line' id='line_1_4' title="bbox 114 785 1169 874; baseline -0.002 -22"><span class='ocrx_word' id='word_1_24' title='bbox 114 795 154 852; x_wconf 89' lang='lat' dir='ltr'><strong>ut</strong></span> <span class='ocrx_word' id='word_1_25' title='bbox 181 809 297 852; x_wconf 85' lang='lat' dir='ltr'><strong>uersus</strong></span> <span class='ocrx_word' id='word_1_26' title='bbox 326 785 359 850; x_wconf 94' lang='lat' dir='ltr'><strong>in</strong></span> <span class='ocrx_word' id='word_1_27' title='bbox 388 805 452 874; x_wconf 90' lang='lat' dir='ltr'><strong>quo</strong></span> <span class='ocrx_word' id='word_1_28' title='bbox 480 785 558 851; x_wconf 91' lang='lat' dir='ltr'><strong>illud</strong></span> <span class='ocrx_word' id='word_1_29' title='bbox 582 785 697 871; x_wconf 74' lang='lat' dir='ltr'><strong>fosetis</strong></span> <span class='ocrx_word' id='word_1_30' title='bbox 726 795 775 852; x_wconf 91' lang='lat' dir='ltr'><strong>est</strong></span> <span class='ocrx_word' id='word_1_31' title='bbox 803 795 878 854; x_wconf 86' lang='lat' dir='ltr'><strong>ants</strong></span> <span class='ocrx_word' id='word_1_32' title='bbox 899 807 1027 852; x_wconf 90' lang='lat' dir='ltr'><strong>uersum</strong></span> <span class='ocrx_word' id='word_1_33' title='bbox 1048 786 1106 868; x_wconf 80' lang='lat'><strong>24,</strong></span> <span class='ocrx_word' id='word_1_34' title='bbox 1135 785 1169 850; x_wconf 89' lang='lat' dir='ltr'><strong>in</strong></span> 
     </span>
     <span class='ocr_line' id='line_1_5' title="bbox 117 900 1169 991; baseline 0 -23"><span class='ocrx_word' id='word_1_35' title='bbox 117 924 183 990; x_wconf 90' lang='lat' dir='ltr'><strong>qno</strong></span> <span class='ocrx_word' id='word_1_36' title='bbox 207 900 384 990; x_wconf 84' lang='lat' dir='ltr'><strong>Pompeius</strong></span> <span class='ocrx_word' id='word_1_37' title='bbox 419 903 559 990; x_wconf 87' lang='lat' dir='ltr'><strong>primum</strong></span> <span class='ocrx_word' id='word_1_38' title='bbox 587 902 790 984; x_wconf 87' lang='lat' dir='ltr'><strong>nominatur,</strong></span> <span class='ocrx_word' id='word_1_39' title='bbox 823 903 997 991; x_wconf 81' lang='lat' dir='ltr'><strong>legeretur.</strong></span> <span class='ocrx_word' id='word_1_40' title='bbox 1033 902 1169 990; x_wconf 89' lang='lat' dir='ltr'><strong>denique</strong></span> 
     </span>
     <span class='ocr_line' id='line_1_6' title="bbox 116 1017 1171 1086; baseline 0 -2"><span class='ocrx_word' id='word_1_41' title='bbox 116 1019 268 1085; x_wconf 87' lang='lat' dir='ltr'><strong>uersibus</strong></span> <span class='ocrx_word' id='word_1_42' title='bbox 298 1017 362 1084; x_wconf 93' lang='lat' dir='ltr'><strong>illis</strong></span> <span class='ocrx_word' id='word_1_43' title='bbox 387 1018 421 1084; x_wconf 92' lang='lat' dir='ltr'><strong>in</strong></span> <span class='ocrx_word' id='word_1_44' title='bbox 449 1019 513 1084; x_wconf 88' lang='lat' dir='ltr'><strong>line</strong></span> <span class='ocrx_word' id='word_1_45' title='bbox 541 1019 690 1084; x_wconf 87' lang='lat' dir='ltr'><strong>carminis</strong></span> <span class='ocrx_word' id='word_1_46' title='bbox 718 1018 851 1086; x_wconf 76' lang='lat' dir='ltr'><strong>resectis</strong></span> <span class='ocrx_word' id='word_1_47' title='bbox 877 1041 1006 1085; x_wconf 66' lang='lat' dir='ltr'><strong>cumen</strong></span> <span class='ocrx_word' id='word_1_48' title='bbox 1028 1019 1171 1085; x_wconf 72' lang='lat' dir='ltr'>clausula</span> 
     </span>
     <span class='ocr_line' id='line_1_7' title="bbox 118 1136 1169 1224; baseline 0 -22"><span class='ocrx_word' id='word_1_49' title='bbox 118 1145 219 1202; x_wconf 80' lang='lat' dir='ltr'><strong>caret.</strong></span> <span class='ocrx_word' id='word_1_50' title='bbox 277 1157 350 1202; x_wconf 87' lang='lat' dir='ltr'><strong>nam</strong></span> <span class='ocrx_word' id='word_1_51' title='bbox 385 1157 498 1202; x_wconf 77' lang='lat' dir='ltr'><strong>ueram</strong></span> <span class='ocrx_word' id='word_1_52' title='bbox 531 1136 706 1222; x_wconf 80' lang='lat' dir='ltr'><strong>trigesimus</strong></span> <span class='ocrx_word' id='word_1_53' title='bbox 741 1136 835 1202; x_wconf 88' lang='lat' dir='ltr'><strong>huius</strong></span> <span class='ocrx_word' id='word_1_54' title='bbox 870 1137 941 1203; x_wconf 89' lang='lat' dir='ltr'><strong>uice</strong></span> <span class='ocrx_word' id='word_1_55' title='bbox 975 1137 1069 1224; x_wconf 79' lang='lat' dir='ltr'><strong>fungi</strong></span> <span class='ocrx_word' id='word_1_56' title='bbox 1104 1159 1169 1202; x_wconf 89' lang='lat' dir='ltr'><strong>non</strong></span> 
     </span>
     <span class='ocr_line' id='line_1_8' title="bbox 117 1251 1168 1341; baseline -0.002 -21"><span class='ocrx_word' id='word_1_57' title='bbox 117 1262 243 1340; x_wconf 83' lang='lat' dir='ltr'><strong>potest,</strong></span> <span class='ocrx_word' id='word_1_58' title='bbox 264 1275 337 1320; x_wconf 88' lang='lat' dir='ltr'><strong>cnm</strong></span> <span class='ocrx_word' id='word_1_59' title='bbox 359 1252 452 1320; x_wconf 86' lang='lat' dir='ltr'><strong>aliter</strong></span> <span class='ocrx_word' id='word_1_60' title='bbox 472 1263 571 1341; x_wconf 83' lang='lat' dir='ltr'><strong>atque</strong></span> <span class='ocrx_word' id='word_1_61' title='bbox 593 1251 812 1318; x_wconf 87' lang='lat' dir='ltr'><strong>Mommsenus</strong></span> <span class='ocrx_word' id='word_1_62' title='bbox 833 1253 903 1320; x_wconf 90' lang='lat' dir='ltr'><strong>siue</strong></span> <span class='ocrx_word' id='word_1_63' title='bbox 925 1253 1168 1320; x_wconf 86' lang='lat' dir='ltr'><strong>Lachmannum</strong></span> 
     </span>
     <span class='ocr_line' id='line_1_9' title="bbox 116 1369 1170 1460; baseline 0 -24"><span class='ocrx_word' id='word_1_64' title='bbox 116 1371 187 1436; x_wconf 88' lang='lat' dir='ltr'><strong>sine</strong></span> <span class='ocrx_word' id='word_1_65' title='bbox 225 1369 405 1458; x_wconf 86' lang='lat' dir='ltr'><strong>Hauptinm</strong></span> <span class='ocrx_word' id='word_1_66' title='bbox 441 1381 572 1437; x_wconf 89' lang='lat' dir='ltr'><strong>secutus</strong></span> <span class='ocrx_word' id='word_1_67' title='bbox 606 1371 684 1436; x_wconf 85' lang='lat' dir='ltr'><strong>fecit</strong></span> <span class='ocrx_word' id='word_1_68' title='bbox 718 1370 877 1459; x_wconf 82' lang='lat' dir='ltr'><strong>legendus</strong></span> <span class='ocrx_word' id='word_1_69' title='bbox 911 1372 962 1438; x_wconf 86' lang='lat' dir='ltr'><strong>sit.</strong></span> <span class='ocrx_word' id='word_1_70' title='bbox 1027 1394 1090 1460; x_wconf 90' lang='lat' dir='ltr'><strong>quo</strong></span> <span class='ocrx_word' id='word_1_71' title='bbox 1130 1371 1170 1437; x_wconf 93' lang='lat' dir='ltr'><strong>de</strong></span> 
     </span>
     <span class='ocr_line' id='line_1_10' title="bbox 117 1485 1169 1575; baseline 0.001 -22"><span class='ocrx_word' id='word_1_72' title='bbox 117 1509 217 1553; x_wconf 87' lang='lat' dir='ltr'><strong>uersu</strong></span> <span class='ocrx_word' id='word_1_73' title='bbox 252 1485 457 1569; x_wconf 84' lang='lat' dir='ltr'><strong>difficillimo,</strong></span> <span class='ocrx_word' id='word_1_74' title='bbox 493 1496 530 1552; x_wconf 87' lang='lat' dir='ltr'><strong>ut</strong></span> <span class='ocrx_word' id='word_1_75' title='bbox 565 1509 649 1575; x_wconf 85' lang='lat' dir='ltr'><strong>quse</strong></span> <span class='ocrx_word' id='word_1_76' title='bbox 689 1489 790 1554; x_wconf 87' lang='lat' dir='ltr'><strong>sentio</strong></span> <span class='ocrx_word' id='word_1_77' title='bbox 824 1489 945 1573; x_wconf 86' lang='lat' dir='ltr'><strong>dicam,</strong></span> <span class='ocrx_word' id='word_1_78' title='bbox 989 1488 1049 1554; x_wconf 88' lang='lat' dir='ltr'><strong>uiri</strong></span> <span class='ocrx_word' id='word_1_79' title='bbox 1084 1489 1169 1554; x_wconf 87' lang='lat' dir='ltr'><strong>docti</strong></span> 
     </span>
     <span class='ocr_line' id='line_1_11' title="bbox 116 1601 1169 1693; baseline 0.001 -24"><span class='ocrx_word' id='word_1_80' title='bbox 116 1603 144 1670; x_wconf 92' lang='lat' dir='ltr'><strong>ei</strong></span> <span class='ocrx_word' id='word_1_81' title='bbox 189 1625 331 1692; x_wconf 85' lang='lat' dir='ltr'><strong>quornm</strong></span> <span class='ocrx_word' id='word_1_82' title='bbox 375 1601 528 1670; x_wconf 90' lang='lat' dir='ltr'><strong>iudicium</strong></span> <span class='ocrx_word' id='word_1_83' title='bbox 574 1603 747 1693; x_wconf 88' lang='lat' dir='ltr'><strong>plurimum</strong></span> <span class='ocrx_word' id='word_1_84' title='bbox 795 1605 904 1671; x_wconf 83' lang='lat' dir='ltr'><strong>facere</strong></span> <span class='ocrx_word' id='word_1_85' title='bbox 948 1605 1088 1671; x_wconf 89' lang='lat' dir='ltr'><strong>solemus</strong></span> <span class='ocrx_word' id='word_1_86' title='bbox 1131 1627 1169 1670; x_wconf 92' lang='lat' dir='ltr'><strong>eo</strong></span> 
     </span>
     <span class='ocr_line' id='line_1_12' title="bbox 115 1719 1169 1812; baseline 0.002 -26"><span class='ocrx_word' id='word_1_87' title='bbox 115 1743 221 1809; x_wconf 86' lang='lat' dir='ltr'><strong>praue</strong></span> <span class='ocrx_word' id='word_1_88' title='bbox 241 1719 402 1786; x_wconf 85' lang='lat' dir='ltr'><strong>iudicasse</strong></span> <span class='ocrx_word' id='word_1_89' title='bbox 423 1721 574 1786; x_wconf 86' lang='lat' dir='ltr'><strong>uidentur</strong></span> <span class='ocrx_word' id='word_1_90' title='bbox 595 1721 681 1809; x_wconf 92' lang='lat' dir='ltr'><strong>quod</strong></span> <span class='ocrx_word' id='word_1_91' title='bbox 702 1743 767 1786; x_wconf 89' lang='lat' dir='ltr'><strong>non</strong></span> <span class='ocrx_word' id='word_1_92' title='bbox 783 1721 977 1788; x_wconf 75' lang='lat' dir='ltr'><strong>dubitabant</strong></span> <span class='ocrx_word' id='word_1_93' title='bbox 997 1724 1075 1812; x_wconf 91' lang='lat' dir='ltr'><strong>quin</strong></span> <span class='ocrx_word' id='word_1_94' title='bbox 1097 1743 1169 1788; x_wconf 89' lang='lat' dir='ltr'><strong>eum</strong></span> 
     </span>
     <span class='ocr_line' id='line_1_13' title="bbox 116 1837 1170 1926; baseline -0.002 -20"><span class='ocrx_word' id='word_1_95' title='bbox 116 1838 269 1906; x_wconf 80' lang='lat' dir='ltr'><strong>Catullus</strong></span> <span class='ocrx_word' id='word_1_96' title='bbox 303 1837 391 1924; x_wconf 86' lang='lat' dir='ltr'><strong>puris</strong></span> <span class='ocrx_word' id='word_1_97' title='bbox 426 1837 541 1903; x_wconf 80' lang='lat' dir='ltr'><strong>iambis</strong></span> <span class='ocrx_word' id='word_1_98' title='bbox 575 1837 765 1926; x_wconf 68' lang='lat' dir='ltr'><strong>scripsisset</strong></span> <span class='ocrx_word' id='word_1_99' title='bbox 819 1838 906 1926; x_wconf 92' lang='lat' dir='ltr'><strong>quod</strong></span> <span class='ocrx_word' id='word_1_100' title='bbox 942 1837 1018 1905; x_wconf 90' lang='lat' dir='ltr'><strong>dum</strong></span> <span class='ocrx_word' id='word_1_101' title='bbox 1053 1838 1170 1920; x_wconf 89' lang='lat' dir='ltr'><strong>scribo,</strong></span> 
     </span>
     <span class='ocr_line' id='line_1_14' title="bbox 115 1951 1168 2044; baseline -0.001 -23"><span class='ocrx_word' id='word_1_102' title='bbox 115 1957 277 2044; x_wconf 85' lang='lat' dir='ltr'><strong>quosdam</strong></span> <span class='ocrx_word' id='word_1_103' title='bbox 305 1951 419 2020; x_wconf 88' lang='lat' dir='ltr'><strong>audire</strong></span> <span class='ocrx_word' id='word_1_104' title='bbox 446 1953 523 2020; x_wconf 89' lang='lat' dir='ltr'><strong>mihi</strong></span> <span class='ocrx_word' id='word_1_105' title='bbox 553 1955 666 2021; x_wconf 87' lang='lat' dir='ltr'><strong>uidcor</strong></span> <span class='ocrx_word' id='word_1_106' title='bbox 684 1955 873 2022; x_wconf 89' lang='lat' dir='ltr'><strong>temeritatis</strong></span> <span class='ocrx_word' id='word_1_107' title='bbox 895 1979 945 2022; x_wconf 89' lang='lat' dir='ltr'><strong>me</strong></span> <span class='ocrx_word' id='word_1_108' title='bbox 968 1967 1168 2038; x_wconf 77' lang='lat' dir='ltr'><strong>accusantes,</strong></span> 
     </span>
     <span class='ocr_line' id='line_1_15' title="bbox 115 2069 1168 2162; baseline 0 -24"><span class='ocrx_word' id='word_1_109' title='bbox 115 2071 241 2162; x_wconf 90' lang='lat' dir='ltr'><strong>qnippe</strong></span> <span class='ocrx_word' id='word_1_110' title='bbox 263 2071 370 2159; x_wconf 91' lang='lat' dir='ltr'><strong>quiid</strong></span> <span class='ocrx_word' id='word_1_111' title='bbox 395 2069 483 2157; x_wconf 92' lang='lat' dir='ltr'><strong>quod</strong></span> <span class='ocrx_word' id='word_1_112' title='bbox 510 2069 651 2138; x_wconf 86' lang='lat' dir='ltr'><strong>omnium</strong></span> <span class='ocrx_word' id='word_1_113' title='bbox 679 2071 713 2137; x_wconf 84' lang='lat' dir='ltr'><strong>in</strong></span> <span class='ocrx_word' id='word_1_114' title='bbox 739 2071 801 2138; x_wconf 90' lang='lat' dir='ltr'><strong>hoc</strong></span> <span class='ocrx_word' id='word_1_115' title='bbox 830 2095 925 2138; x_wconf 90' lang='lat' dir='ltr'><strong>uersu</strong></span> <span class='ocrx_word' id='word_1_116' title='bbox 957 2073 1168 2138; x_wconf 86' lang='lat' dir='ltr'><strong>certissimum</strong></span> 
     </span>
     <span class='ocr_line' id='line_1_16' title="bbox 115 2187 1170 2277; baseline -0.003 -19"><span class='ocrx_word' id='word_1_117' title='bbox 115 2189 158 2258; x_wconf 85' lang='lat' dir='ltr'><strong>sit</strong></span> <span class='ocrx_word' id='word_1_118' title='bbox 185 2188 223 2254; x_wconf 91' lang='lat' dir='ltr'><strong>in</strong></span> <span class='ocrx_word' id='word_1_119' title='bbox 252 2187 486 2255; x_wconf 73' lang='lat' dir='ltr'><strong>dubitationem</strong></span> <span class='ocrx_word' id='word_1_120' title='bbox 514 2210 630 2254; x_wconf 85' lang='lat' dir='ltr'><strong>uocare</strong></span> <span class='ocrx_word' id='word_1_121' title='bbox 660 2188 805 2254; x_wconf 83' lang='lat' dir='ltr'><strong>audeam.</strong></span> <span class='ocrx_word' id='word_1_122' title='bbox 849 2212 930 2277; x_wconf 88' lang='lat' dir='ltr'><strong>quos</strong></span> <span class='ocrx_word' id='word_1_123' title='bbox 952 2190 1047 2255; x_wconf 91' lang='lat' dir='ltr'><strong>uelim</strong></span> <span class='ocrx_word' id='word_1_124' title='bbox 1075 2211 1170 2276; x_wconf 84' lang='lat' dir='ltr'><strong>argu-</strong></span> 
     </span>
     <span class='ocr_line' id='line_1_17' title="bbox 113 2305 1170 2394; baseline -0.006 -18"><span class='ocrx_word' id='word_1_125' title='bbox 113 2317 229 2376; x_wconf 85' lang='lat' dir='ltr'><strong>menta</strong></span> <span class='ocrx_word' id='word_1_126' title='bbox 252 2305 331 2372; x_wconf 85' lang='lat' dir='ltr'><strong>baec</strong></span> <span class='ocrx_word' id='word_1_127' title='bbox 359 2305 472 2372; x_wconf 87' lang='lat' dir='ltr'><strong>sedato</strong></span> <span class='ocrx_word' id='word_1_128' title='bbox 493 2305 598 2372; x_wconf 87' lang='lat' dir='ltr'><strong>animo</strong></span> <span class='ocrx_word' id='word_1_129' title='bbox 619 2305 787 2394; x_wconf 85' lang='lat' dir='ltr'><strong>accipiant</strong></span> <span class='ocrx_word' id='word_1_130' title='bbox 831 2329 894 2394; x_wconf 92' lang='lat' dir='ltr'><strong>quo</strong></span> <span class='ocrx_word' id='word_1_131' title='bbox 922 2306 1087 2372; x_wconf 88' lang='lat' dir='ltr'><strong>lubentius</strong></span> <span class='ocrx_word' id='word_1_132' title='bbox 1108 2306 1170 2372; x_wconf 90' lang='lat' dir='ltr'><strong>illis</strong></span> 
     </span>
     <span class='ocr_line' id='line_1_18' title="bbox 113 2420 1170 2510; baseline -0.002 -20"><span class='ocrx_word' id='word_1_133' title='bbox 113 2422 272 2507; x_wconf 85' lang='lat' dir='ltr'><strong>concedo,</strong></span> <span class='ocrx_word' id='word_1_134' title='bbox 294 2422 320 2488; x_wconf 87' lang='lat' dir='ltr'><strong>ai</strong></span> <span class='ocrx_word' id='word_1_135' title='bbox 342 2445 408 2510; x_wconf 87' lang='lat' dir='ltr'><strong>qua</strong></span> <span class='ocrx_word' id='word_1_136' title='bbox 428 2421 652 2488; x_wconf 89' lang='lat' dir='ltr'><strong>emendatione</strong></span> <span class='ocrx_word' id='word_1_137' title='bbox 674 2420 830 2510; x_wconf 89' lang='lat' dir='ltr'><strong>probabili</strong></span> <span class='ocrx_word' id='word_1_138' title='bbox 845 2422 917 2506; x_wconf 91' lang='lat' dir='ltr'><strong>puri</strong></span> <span class='ocrx_word' id='word_1_139' title='bbox 932 2421 1030 2488; x_wconf 84' lang='lat' dir='ltr'><strong>iambi</strong></span> <span class='ocrx_word' id='word_1_140' title='bbox 1046 2422 1170 2488; x_wconf 85' lang='lat' dir='ltr'><strong>restitui</strong></span> 
     </span>
     <span class='ocr_line' id='line_1_19' title="bbox 113 2537 1167 2630; baseline -0.004 -22"><span class='ocrx_word' id='word_1_141' title='bbox 113 2541 260 2630; x_wconf 86' lang='lat' dir='ltr'><strong>possint,</strong></span> <span class='ocrx_word' id='word_1_142' title='bbox 289 2539 374 2606; x_wconf 90' lang='lat' dir='ltr'><strong>banc</strong></span> <span class='ocrx_word' id='word_1_143' title='bbox 401 2537 534 2606; x_wconf 85' lang='lat' dir='ltr'><strong>cuilibet</strong></span> <span class='ocrx_word' id='word_1_144' title='bbox 555 2561 639 2627; x_wconf 88' lang='lat' dir='ltr'><strong>quae</strong></span> <span class='ocrx_word' id='word_1_145' title='bbox 661 2539 838 2627; x_wconf 90' lang='lat' dir='ltr'><strong>spondeum</strong></span> <span class='ocrx_word' id='word_1_146' title='bbox 860 2539 958 2606; x_wconf 87' lang='lat' dir='ltr'><strong>infert</strong></span> <span class='ocrx_word' id='word_1_147' title='bbox 979 2539 1077 2626; x_wconf 82' lang='lat' dir='ltr'><strong>longe</strong></span> <span class='ocrx_word' id='word_1_148' title='bbox 1098 2559 1167 2604; x_wconf 83' lang='lat' dir='ltr'><strong>ease</strong></span> 
     </span>
     <span class='ocr_line' id='line_1_20' title="bbox 114 2655 1171 2746; baseline -0.003 -21"><span class='ocrx_word' id='word_1_149' title='bbox 114 2655 382 2746; x_wconf 80' lang='lat' dir='ltr'><strong>praeferendam,</strong></span> <span class='ocrx_word' id='word_1_150' title='bbox 413 2678 451 2724; x_wconf 88' lang='lat' dir='ltr'><strong>eo</strong></span> <span class='ocrx_word' id='word_1_151' title='bbox 478 2655 664 2744; x_wconf 83' lang='lat' dir='ltr'><strong>diligentins</strong></span> <span class='ocrx_word' id='word_1_152' title='bbox 694 2655 931 2723; x_wconf 87' lang='lat' dir='ltr'><strong>obseruandum</strong></span> <span class='ocrx_word' id='word_1_153' title='bbox 953 2667 1001 2722; x_wconf 89' lang='lat' dir='ltr'><strong>est</strong></span> <span class='ocrx_word' id='word_1_154' title='bbox 1023 2656 1171 2722; x_wconf 90' lang='lat' dir='ltr'><strong>emenda·</strong></span> 
     </span>
     <span class='ocr_line' id='line_1_21' title="bbox 114 2772 1170 2862; baseline -0.002 -20"><span class='ocrx_word' id='word_1_155' title='bbox 114 2776 224 2842; x_wconf 84' lang='lat' dir='ltr'><strong>tiones</strong></span> <span class='ocrx_word' id='word_1_156' title='bbox 244 2775 278 2841; x_wconf 92' lang='lat' dir='ltr'><strong>in</strong></span> <span class='ocrx_word' id='word_1_157' title='bbox 302 2773 422 2842; x_wconf 82' lang='lat' dir='ltr'><strong>Catulli</strong></span> <span class='ocrx_word' id='word_1_158' title='bbox 443 2775 527 2840; x_wconf 93' lang='lat' dir='ltr'><strong>libro</strong></span> <span class='ocrx_word' id='word_1_159' title='bbox 548 2772 653 2840; x_wconf 87' lang='lat' dir='ltr'><strong>nullas</strong></span> <span class='ocrx_word' id='word_1_160' title='bbox 675 2775 737 2839; x_wconf 90' lang='lat' dir='ltr'><strong>nisi</strong></span> <span class='ocrx_word' id='word_1_161' title='bbox 760 2795 842 2862; x_wconf 86' lang='lat' dir='ltr'><strong>quse</strong></span> <span class='ocrx_word' id='word_1_162' title='bbox 869 2773 1015 2861; x_wconf 89' lang='lat' dir='ltr'><strong>pauculis</strong></span> <span class='ocrx_word' id='word_1_163' title='bbox 1044 2784 1170 2841; x_wconf 86' lang='lat' dir='ltr'><strong>tantum</strong></span> 
     </span>
     <span class='ocr_line' id='line_1_22' title="bbox 116 2889 1171 2960; baseline 0.001 -3"><span class='ocrx_word' id='word_1_164' title='bbox 116 2891 234 2960; x_wconf 86' lang='lat' dir='ltr'><strong>litteris</strong></span> <span class='ocrx_word' id='word_1_165' title='bbox 254 2893 388 2958; x_wconf 86' lang='lat' dir='ltr'><strong>mutatis</strong></span> <span class='ocrx_word' id='word_1_166' title='bbox 410 2890 641 2957; x_wconf 90' lang='lat' dir='ltr'><strong>electionibus</strong></span> <span class='ocrx_word' id='word_1_167' title='bbox 663 2889 818 2956; x_wconf 88' lang='lat' dir='ltr'><strong>librorum</strong></span> <span class='ocrx_word' id='word_1_168' title='bbox 844 2893 1004 2958; x_wconf 91' lang='lat' dir='ltr'><strong>bonorum</strong></span> <span class='ocrx_word' id='word_1_169' title='bbox 1030 2891 1171 2958; x_wconf 78' lang='lat' dir='ltr'><strong>efficiun-</strong></span> 
     </span>
     <span class='ocr_line' id='line_1_23' title="bbox 116 3008 1172 3099; baseline -0.002 -23"><span class='ocrx_word' id='word_1_170' title='bbox 116 3023 169 3076; x_wconf 88' lang='lat' dir='ltr'><strong>tur</strong></span> <span class='ocrx_word' id='word_1_171' title='bbox 190 3008 377 3099; x_wconf 85' lang='lat' dir='ltr'><strong>probabilee</strong></span> <span class='ocrx_word' id='word_1_172' title='bbox 399 3009 511 3076; x_wconf 87' lang='lat' dir='ltr'><strong>haberi</strong></span> <span class='ocrx_word' id='word_1_173' title='bbox 533 3029 629 3098; x_wconf 91' lang='lat' dir='ltr'><strong>posse</strong></span> <span class='ocrx_word' id='word_1_174' title='bbox 651 3033 659 3074; x_wconf 79' lang='lat' dir='ltr'><strong>r</strong></span> <span class='ocrx_word' id='word_1_175' title='bbox 681 3008 767 3096; x_wconf 89' lang='lat' dir='ltr'><strong>qnod</strong></span> <span class='ocrx_word' id='word_1_176' title='bbox 795 3010 851 3096; x_wconf 91' lang='lat' dir='ltr'><strong>qui</strong></span> <span class='ocrx_word' id='word_1_177' title='bbox 881 3010 1002 3096; x_wconf 87' lang='lat' dir='ltr'><strong>optima</strong></span> <span class='ocrx_word' id='word_1_178' title='bbox 1023 3031 1172 3097; x_wconf 88' lang='lat' dir='ltr'><strong>quaeque</strong></span> 
     </span>
     <span class='ocr_line' id='line_1_24' title="bbox 117 3125 1171 3214; baseline 0 -22"><span class='ocrx_word' id='word_1_179' title='bbox 117 3127 254 3194; x_wconf 85' lang='lat' dir='ltr'><strong>inuenta</strong></span> <span class='ocrx_word' id='word_1_180' title='bbox 279 3149 353 3192; x_wconf 89' lang='lat' dir='ltr'><strong>cnm</strong></span> <span class='ocrx_word' id='word_1_181' title='bbox 382 3126 524 3214; x_wconf 88' lang='lat' dir='ltr'><strong>priorum</strong></span> <span class='ocrx_word' id='word_1_182' title='bbox 556 3126 841 3212; x_wconf 83' lang='lat' dir='ltr'><strong>grammaticorum</strong></span> <span class='ocrx_word' id='word_1_183' title='bbox 872 3137 939 3192; x_wconf 89' lang='lat' dir='ltr'><strong>tum</strong></span> <span class='ocrx_word' id='word_1_184' title='bbox 969 3125 1171 3192; x_wconf 88' lang='lat' dir='ltr'><strong>Lachmanni</strong></span> 
     </span>
     <span class='ocr_line' id='line_1_25' title="bbox 117 3241 1172 3331; baseline -0.002 -21"><span class='ocrx_word' id='word_1_185' title='bbox 117 3254 150 3310; x_wconf 88' lang='lat' dir='ltr'><strong>ct</strong></span> <span class='ocrx_word' id='word_1_186' title='bbox 174 3243 314 3330; x_wconf 87' lang='lat' dir='ltr'><strong>Hauptii</strong></span> <span class='ocrx_word' id='word_1_187' title='bbox 343 3242 398 3328; x_wconf 80' lang='lat' dir='ltr'><strong>(cf.</strong></span> <span class='ocrx_word' id='word_1_188' title='bbox 429 3244 497 3308; x_wconf 87' lang='lat' dir='ltr'><strong>eins</strong></span> <span class='ocrx_word' id='word_1_189' title='bbox 524 3252 647 3330; x_wconf 78' lang='lat' dir='ltr'><strong>quaest</strong></span> <span class='ocrx_word' id='word_1_190' title='bbox 670 3241 788 3310; x_wconf 76' lang='lat' dir='ltr'><strong>catull.</strong></span> <span class='ocrx_word' id='word_1_191' title='bbox 810 3265 841 3328; x_wconf 69' lang='lat' dir='ltr'><strong>p.¹</strong></span> <span class='ocrx_word' id='word_1_192' title='bbox 863 3242 898 3328; x_wconf 89' lang='grc'><strong>9)</strong></span> <span class='ocrx_word' id='word_1_193' title='bbox 927 3242 1172 3331; x_wconf 88' lang='lat' dir='ltr'><strong>perlustrauerit</strong></span> 
     </span>
     <span class='ocr_line' id='line_1_26' title="bbox 116 3359 1171 3447; baseline -0.001 -20"><span class='ocrx_word' id='word_1_194' title='bbox 116 3361 320 3428; x_wconf 73' lang='lat' dir='ltr'><strong>uerimimnm</strong></span> <span class='ocrx_word' id='word_1_195' title='bbox 351 3383 423 3426; x_wconf 86' lang='lat' dir='ltr'><strong>esse</strong></span> <span class='ocrx_word' id='word_1_196' title='bbox 461 3370 644 3447; x_wconf 81' lang='lat' dir='ltr'><strong>cognoscet.</strong></span> <span class='ocrx_word' id='word_1_197' title='bbox 698 3359 761 3426; x_wconf 90' lang='lat' dir='ltr'><strong>iam</strong></span> <span class='ocrx_word' id='word_1_198' title='bbox 799 3359 874 3426; x_wconf 90' lang='lat' dir='ltr'><strong>uide</strong></span> <span class='ocrx_word' id='word_1_199' title='bbox 909 3383 987 3426; x_wconf 88' lang='lat' dir='ltr'><strong>num</strong></span> <span class='ocrx_word' id='word_1_200' title='bbox 1024 3360 1171 3426; x_wconf 87' lang='lat' dir='ltr'><strong>emenda·</strong></span> 
     </span>
     <span class='ocr_line' id='line_1_27' title="bbox 117 3475 1171 3565; baseline -0.001 -21"><span class='ocrx_word' id='word_1_201' title='bbox 117 3479 225 3546; x_wconf 86' lang='lat' dir='ltr'><strong>tiones</strong></span> <span class='ocrx_word' id='word_1_202' title='bbox 254 3499 338 3565; x_wconf 89' lang='lat' dir='ltr'><strong>quac</strong></span> <span class='ocrx_word' id='word_1_203' title='bbox 366 3476 408 3542; x_wconf 88' lang='lat' dir='ltr'><strong>ad</strong></span> <span class='ocrx_word' id='word_1_204' title='bbox 435 3476 559 3542; x_wconf 86' lang='lat' dir='ltr'><strong>iambos</strong></span> <span class='ocrx_word' id='word_1_205' title='bbox 590 3497 689 3563; x_wconf 89' lang='lat' dir='ltr'><strong>puros</strong></span> <span class='ocrx_word' id='word_1_206' title='bbox 715 3475 953 3543; x_wconf 86' lang='lat' dir='ltr'><strong>resuscitandos</strong></span> <span class='ocrx_word' id='word_1_207' title='bbox 975 3475 1079 3542; x_wconf 88' lang='lat' dir='ltr'><strong>adhuc</strong></span> <span class='ocrx_word' id='word_1_208' title='bbox 1101 3499 1171 3565; x_wconf 92' lang='lat' dir='ltr'><strong>pro·</strong></span> 
     </span>
     <span class='ocr_line' id='line_1_28' title="bbox 118 3569 1172 3682; baseline -0.001 -21"><span class='ocrx_word' id='word_1_209' title='bbox 118 3569 280 3661; x_wconf 86' lang='lat' dir='ltr'><strong>uenerunt</strong></span> <span class='ocrx_word' id='word_1_210' title='bbox 307 3617 325 3660; x_wconf 90' lang='lat' dir='ltr'><strong>e</strong></span> <span class='ocrx_word' id='word_1_211' title='bbox 353 3613 486 3660; x_wconf 88' lang='lat' dir='ltr'><strong>numero</strong></span> <span class='ocrx_word' id='word_1_212' title='bbox 519 3593 734 3681; x_wconf 89' lang='lat' dir='ltr'><strong>probabilium</strong></span> <span class='ocrx_word' id='word_1_213' title='bbox 763 3592 835 3658; x_wconf 89' lang='lat' dir='ltr'><strong>sint</strong></span> <span class='ocrx_word' id='word_1_214' title='bbox 888 3593 921 3658; x_wconf 90' lang='lat' dir='ltr'><strong>in</strong></span> <span class='ocrx_word' id='word_1_215' title='bbox 952 3593 1043 3659; x_wconf 87' lang='lat' dir='ltr'><strong>libris</strong></span> <span class='ocrx_word' id='word_1_216' title='bbox 1071 3595 1172 3682; x_wconf 76' lang='lat' dir='ltr'><strong>igitur</strong></span> 
     </span>
     <span class='ocr_line' id='line_1_29' title="bbox 119 3709 1171 3798; baseline -0.004 -18"><span class='ocrx_word' id='word_1_217' title='bbox 119 3710 395 3798; x_wconf 80' lang='lat' dir='ltr'><strong>Sengermanensi</strong></span> <span class='ocrx_word' id='word_1_218' title='bbox 410 3711 540 3777; x_wconf 86' lang='lat' dir='ltr'><strong>Datsno</strong></span> <span class='ocrx_word' id='word_1_219' title='bbox 558 3709 743 3778; x_wconf 82' lang='lat' dir='ltr'><strong>Oolbertino</strong></span> <span class='ocrx_word' id='word_1_220' title='bbox 765 3709 912 3776; x_wconf 80' lang='lat' dir='ltr'><strong>Parisino</strong></span> <span class='ocrx_word' id='word_1_221' title='bbox 929 3709 1171 3796; x_wconf 76' lang='lat' dir='ltr'><strong>(P1)Statianis</strong></span> 
     </span>
     <span class='ocr_line' id='line_1_30' title="bbox 118 3825 1171 3915; baseline -0.001 -20"><span class='ocrx_word' id='word_1_222' title='bbox 118 3851 234 3896; x_wconf 84' lang='lat' dir='ltr'><strong>uersus</strong></span> <span class='ocrx_word' id='word_1_223' title='bbox 254 3829 302 3895; x_wconf 86' lang='lat' dir='ltr'><strong>ita</strong></span> <span class='ocrx_word' id='word_1_224' title='bbox 318 3828 438 3915; x_wconf 76' lang='lat' dir='ltr'><strong>legitur</strong></span> <span class='ocrx_word' id='word_1_225' title='bbox 453 3827 545 3894; x_wconf 78' lang='lat' dir='ltr'><strong>Hunc</strong></span> <span class='ocrx_word' id='word_1_226' title='bbox 560 3825 686 3894; x_wconf 63' lang='lat' dir='ltr'><strong>Galus</strong></span> <span class='ocrx_word' id='word_1_227' title='bbox 707 3831 786 3894; x_wconf 65' lang='lat' dir='ltr'><strong>amet</strong></span> <span class='ocrx_word' id='word_1_228' title='bbox 804 3839 832 3894; x_wconf 83' lang='lat' dir='ltr'><strong>ct</strong></span> <span class='ocrx_word' id='word_1_229' title='bbox 847 3827 1036 3905; x_wconf 76' lang='lat' dir='ltr'><strong>Britannice,</strong></span> <span class='ocrx_word' id='word_1_230' title='bbox 1059 3829 1171 3895; x_wconf 88' lang='lat' dir='ltr'><strong>eodem</strong></span> 
     </span>
     <span class='ocr_line' id='line_1_31' title="bbox 118 3941 1173 4034; baseline -0.004 -22"><span class='ocrx_word' id='word_1_231' title='bbox 118 3946 276 4014; x_wconf 87' lang='lat' dir='ltr'><strong>lectiones</strong></span> <span class='ocrx_word' id='word_1_232' title='bbox 298 3955 449 4034; x_wconf 85' lang='lat' dir='ltr'><strong>spectent</strong></span> <span class='ocrx_word' id='word_1_233' title='bbox 466 3943 623 4012; x_wconf 86' lang='lat' dir='ltr'><strong>librorum</strong></span> <span class='ocrx_word' id='word_1_234' title='bbox 647 3941 922 4032; x_wconf 80' lang='lat' dir='ltr'><strong>interpolatorum,</strong></span> <span class='ocrx_word' id='word_1_235' title='bbox 944 3946 976 4010; x_wconf 91' lang='lat' dir='ltr'><strong>in</strong></span> <span class='ocrx_word' id='word_1_236' title='bbox 1000 3943 1115 4032; x_wconf 83' lang='lat' dir='ltr'><strong>quibus</strong></span> <span class='ocrx_word' id='word_1_237' title='bbox 1137 3955 1173 4008; x_wconf 88' lang='lat' dir='ltr'><strong>ut</strong></span> 
     </span>
    </p>
   </div>
   <div class='ocr_carea' id='block_1_3' title="bbox 0 0 1494 4484">
    <p class='ocr_par' dir='ltr' id='par_1_3' title="bbox 0 0 1494 4484">
     <span class='ocr_line' id='line_1_32' title="bbox 0 0 1494 4484; baseline 0 0"><span class='ocrx_word' id='word_1_238' title='bbox 0 0 1494 4484; x_wconf 95' lang='lat' dir='ltr'><strong> </strong></span> 
     </span>
    </p>
   </div>
  </div>
 </body>
</html>
