2954 4492
423 345 473 398 v11
507 345 555 398 DE
572 345 713 398 tutunus
731 347 816 398 1³er
825 348 933 402 Yulco
1156 352 1204 403 169

154 512 320 580 catullum
345 513 472 578 Romee
493 513 592 578 fuisse
614 513 693 578 nihil
715 524 764 580 est
786 513 874 602 quod
894 515 1046 582 adcurate
1070 537 1205 604 conpro-

155 631 209 696 het
242 657 250 696 ε
284 639 400 696 contra
434 632 526 696 annis
558 631 675 726 coeloe
705 641 738 697 et
768 631 884 710 700154
916 643 1042 719 poetam
1079 633 1205 699 Romae

155 749 279 814 uixisse
308 770 351 813 ex
382 747 579 813 carminibus
608 766 686 813 orm
709 767 755 813 nv
775 771 806 814 ιιι
835 771 945 814 xxvtur
975 769 1028 816 nur
1058 762 1202 838 apertum

155 873 209 930 est
253 863 420 930 biennium
452 864 553 950 igitur
581 887 608 930 a.
630 864 747 942 seuseu
769 875 802 930 et
823 865 941 942 deesse
970 863 1118 932 relictum
1146 878 1203 948 est,

154 981 185 1046 in
207 981 298 1070 quod
319 981 381 1048 iter
395 979 512 1046 Octulli
527 980 676 1046 incidisse
690 982 767 1047 satis
782 991 931 1068 prompta
947 994 995 1048 est
1010 983 1202 1049 coniectura.

155 1099 230 1164 hoec
253 1120 339 1184 quae
361 1099 401 1163 ad
423 1097 607 1164 uniuersum
629 1098 714 1164 uitae
737 1097 857 1166 Catulli
879 1098 1101 1166 condicionem
1117 1123 1203 1188 spec·

153 1223 260 1282 tantos
290 1213 539 1305 explicuuimus‚
571 1214 704 1302 egregie
735 1213 925 1282 confirmata
945 1217 1142 1302 uidebimus,
1176 1220 1203 1284 si

153 1332 299 1420 singulas
338 1331 423 1397 illius
457 1333 581 1397 itineris
611 1355 663 1398 res
694 1333 1005 1418 perlustrauerimus.
1056 1333 1204 1402 Catullus

155 1449 239 1515 enim
263 1471 300 1514 se
322 1447 355 1512 in
378 1449 510 1515 cohorte
531 1447 676 1514 Memmii
698 1449 880 1532 cuiusdam,
912 1453 1130 1540 propraetoris
1152 1453 1204 1519 Bi·

155 1565 289 1652 thyniae
310 1563 507 1655 prouinciae,
528 1565 627 1632 fuisse
649 1567 913 1634 commemorauit
934 1568 989 1650 (cs.
1010 1592 1110 1635 xxvio
1131 1571 1159 1634 t.
1181 1571 1202 1636 9

154 1707 176 1748 x
201 1683 230 1747 t.
264 1685 315 1748 10.
348 1683 412 1764 13).
464 1685 527 1749 iam
558 1684 585 1748 si
614 1681 786 1751 Memmios
818 1685 932 1751 aetatis
960 1683 1080 1753 Catulli
1109 1697 1141 1752 et
1170 1687 1203 1752 in

154 1799 266 1888 primis
289 1797 461 1866 Memmios
485 1810 650 1888 praetores
675 1802 959 1890 circumspicimus,
985 1803 1072 1868 solus
1098 1801 1203 1870 Gaius

155 1917 329 1984 Memmius
357 1915 395 1982 L.
418 1916 455 1983 F.
476 1915 644 1984 Gemellus
673 1919 764 1985 nohis
794 1919 949 1997 offertur,
976 1921 1017 1986 de
1045 1942 1109 2009 quo
1138 1921 1202 1987 iam

154 2035 322 2102 Antonius
350 2033 545 2100 Parthenius
576 2035 632 2118 (ed
659 2059 757 2102 xxvru
793 2037 827 2121 7)
864 2037 1025 2103 Antonius
1056 2037 1203 2105 Muretus

155 2151 301 2219 Achilles
352 2150 477 2219 Statius
521 2153 757 2238 cogitauerunt
822 2155 914 2219 cuius
957 2166 989 2221 et
1041 2166 1131 2220 aetas
1172 2166 1205 2220 et

156 2291 262 2336 annus
285 2271 466 2358 praetorius
487 2279 554 2336 tam
575 2269 706 2358 egregie
728 2292 802 2334 cum
830 2271 877 2336 eis
910 2271 1097 2360 conspirant
1120 2293 1204 2358 quas

155 2388 252 2454 modo
281 2386 518 2477 disputauimus
549 2397 586 2452 ut
616 2388 685 2451 sine
713 2385 778 2452 ulia
811 2386 1011 2453 dubitatione
1033 2387 1203 2453 Memmius

156 2503 277 2571 Catulli
300 2514 334 2571 et
355 2503 528 2570 Memmius
550 2503 606 2569 ille
629 2525 725 2592 quem
748 2503 889 2570 diximus
909 2526 968 2591 pro
991 2526 1056 2570 uno
1079 2505 1203 2572 eodem·

156 2644 219 2709 que
242 2621 374 2688 homine
394 2619 561 2687 habendus
582 2620 637 2704 sit,
669 2623 859 2709 praesertim
887 2644 958 2687 curu
981 2621 1077 2688 etism
1097 2646 1204 2690 mores

156 2739 327 2828 utriusque
370 2737 433 2804 uiri
476 2738 597 2827 optime
631 2749 821 2826 congruent.
879 2736 983 2805 Gaius
1025 2741 1111 2806 enim
1152 2741 1204 2806 ille

156 2855 331 2922 Memmius
358 2877 443 2922 anno
464 2856 582 2932 696le
603 2866 735 2944 praetor
764 2856 827 2921 fuit
849 2881 856 2920 :
879 2878 951 2922 eum
979 2879 1051 2922 cum
1079 2857 1117 2924 L.
1140 2857 1205 2923 Do·

156 2975 246 3039 mitio
277 2971 500 3042 Ahenobarbo
529 2983 561 3038 et
582 2971 620 3039 P.
644 2973 779 3061 Nigidio
801 2971 919 3060 Figulo
941 2983 974 3039 et
995 2973 1032 3040 L.
1055 2971 1204 3040 Cornelio

156 3091 296 3157 Lentulo
318 3089 422 3158 Orure
445 3091 502 3174 (ci.
524 3088 640 3157 Cicero
661 3090 694 3156 in
716 3089 866 3157 Pisonem
888 3090 924 3154 31
951 3089 1005 3172 ii)
1028 3089 1142 3156 Oicero
1164 3091 1205 3158 ed

156 3207 196 3288 Q.
218 3209 352 3274 fratrem
376 3230 384 3272 ι
406 3207 427 3272 2
451 3207 489 3273 16
509 3208 569 3273 suh
590 3207 687 3272 finem
716 3206 791 3272 anni
812 3207 930 3284 695159
959 3217 1124 3295 praetores
1153 3207 1205 3274 de·

155 3325 303 3414 signatos
337 3325 609 3391 commemorauit.
660 3322 750 3389 initio
783 3322 857 3388 anni
885 3325 1002 3403 696158
1032 3323 1204 3392 Memmius

155 3454 288 3530 praetor
318 3463 391 3507 cum
410 3441 556 3508 Domitio
579 3441 716 3528 conlega
737 3439 885 3508 Caesaris
905 3442 996 3528 leges
1019 3443 1203 3508 consuleres

155 3559 330 3647 adgressus
351 3571 401 3625 est
422 3559 478 3644 (cf.
495 3556 642 3625 Suetonii
658 3557 718 3622 Iul.
732 3557 774 3622 23
795 3567 828 3624 et
849 3558 1019 3625 scholiasta
1033 3557 1205 3626 Bobiensis

154 3675 186 3741 iu
215 3675 400 3744 Sesfianam
429 3699 462 3764 p.
485 3675 556 3754 297,
579 3675 621 3739 22
641 3685 675 3740 et
702 3675 735 3740 in
764 3673 970 3740 Vatinianam
991 3698 1022 3763 p.
1045 3676 1115 3758 317,
1137 3675 1203 3759 25).

155 3791 270 3859 deinde
291 3815 377 3858 anno
400 3791 513 3858 eodem
540 3813 605 3881 quo
633 3801 763 3880 praetor
789 3803 859 3857 erut
880 3792 1049 3858 Memmius
1073 3791 1202 3858 Vatinio

155 3907 240 3977 diem
272 3911 357 3978 dixit
377 3910 434 3994 (cf.
456 3909 570 3978 Cicero
599 3909 632 3976 in
659 3909 825 3976 Vatinium
847 3911 887 3974 14
908 3910 949 3976 33
972 3932 1045 3975 cum
1075 3909 1204 3974 scholiis
