2970 4484
400 347 476 400 vnn
511 347 559 400 DE
576 347 736 400 causum
753 347 800 400 uu*
817 343 1049 398 constaturus
1200 345 1249 398 186

200 513 327 605 perfide
349 514 503 604 deceptus
525 523 559 581 et
579 513 746 602 neglectus
769 521 869 597 esset,
899 521 1002 579 totum
1024 521 1249 600 occupauerat

201 633 262 700 tali
289 633 323 699 in
355 631 429 700 odio
457 630 663 700 acerbissimo
692 627 838 698 Catullus
864 627 1030 696 hominum
1050 629 1169 696 fiducia
1196 629 1251 696 ab·

200 750 289 816 iacta
311 749 403 837 quasi
424 748 585 836 refugium
607 747 767 835 quaesiuit
787 769 852 836 quo
867 767 903 812 se
917 747 960 813 ab
974 767 1084 812 eorum
1099 745 1251 835 nequitiis

202 865 363 955 reciperet
390 873 424 932 et
454 865 540 930 unde
561 887 710 952 egressus
731 865 944 953 castigatione
964 885 1023 930 aua
1043 861 1160 950 dignos
1180 883 1250 951 per·

202 992 403 1071 sequcretnr.
445 1003 552 1071 neque
579 1003 657 1047 uero
683 991 759 1070 post
787 980 849 1047 iter
868 979 1077 1068 Bithynicum
1096 989 1194 1067 poeta
1213 990 1251 1047 ut

201 1099 281 1166 olim
303 1099 337 1164 in
356 1097 498 1186 perfidos
520 1097 674 1164 amiculus
695 1105 729 1163 et
749 1096 906 1184 puellulae
926 1095 1001 1162 odia
1019 1095 1170 1184 profudit,
1192 1097 1249 1163 sed

201 1214 426 1282 &cummium
455 1236 519 1304 quo
548 1213 703 1282 maiorem
733 1224 766 1281 et
793 1213 1005 1300 potentiorem
1027 1223 1096 1280 tum
1116 1213 1250 1300 adgredi

201 1353 269 1399 non
300 1329 424 1420 potuit,
452 1352 605 1397 uersuum
633 1331 705 1397 telis
734 1331 894 1418 spectauit
915 1354 954 1398 ac
975 1330 1078 1418 petiit.
1127 1328 1248 1398 Gaium

201 1449 289 1515 enim
311 1445 485 1515 Caesarem
512 1448 574 1515 sibi
606 1446 706 1534 clegit
731 1445 765 1512 in
787 1469 883 1535 quem
905 1447 981 1514 odia
1001 1469 1060 1514 sua
1081 1445 1247 1536 dirigeret.

200 1563 296 1630 annis
322 1563 448 1652 septimi
476 1564 518 1629 ab
551 1566 630 1630 urbe
663 1564 793 1631 condita
822 1563 940 1631 saeculi
972 1564 1092 1631 ultimis
1125 1585 1246 1649 omnes,

201 1681 259 1770 qui
282 1689 385 1747 status
406 1691 440 1747 ct
455 1680 651 1747 condicionis
667 1680 713 1746 rei
727 1681 877 1770 publicae
891 1679 1112 1747 Romanorum
1126 1680 1248 1748 iudices

198 1795 423 1884 intellegentes
449 1807 556 1880 erant,
589 1819 668 1863 mox
693 1796 763 1862 fore
789 1797 1000 1885 prouiderunt
1020 1805 1057 1863 ut
1076 1795 1132 1863 illa
1152 1798 1247 1863 unius

198 1915 394 2002 inperatoris
409 1913 575 1980 dominatu
597 1923 630 1980 at
644 1913 778 1978 arbitrio
795 1923 967 1980 teneretur.
1010 1935 1084 1980 cum
1099 1913 1247 1982 Catullus

199 2055 242 2097 ex
274 2030 430 2117 Bithynia
461 2031 494 2096 in
526 2030 655 2096 Italiam
684 2031 850 2112 rediisset,
891 2031 999 2118 paullo
1031 2042 1106 2097 ante
1136 2053 1247 2098 mense

199 2146 307 2235 Aprili
330 2146 451 2214 Caesar
477 2145 652 2236 Pompeius
681 2145 817 2214 Crassus
844 2145 965 2213 Lucam
999 2159 1247 2216 conuenerant:

198 2288 265 2353 quo
286 2285 462 2352 congressu
484 2285 595 2329 omncs
616 2285 688 2351 apes
711 2285 793 2352 quas
814 2263 860 2329 rei
881 2264 1030 2351 publicae
1050 2265 1172 2333 liberae
1194 2265 1246 2332 de·

196 2379 351 2463 senseras,
377 2401 449 2445 cum
469 2379 641 2468 Pompeius
663 2377 812 2448 Caesaris
832 2379 865 2446 in
888 2379 997 2448 Gallia
1019 2383 1246 2450 commorantis

197 2497 350 2565 subsidiis
381 2498 514 2564 orbatus
545 2520 606 2563 nco
633 2495 759 2564 senatui
789 2508 822 2564 et
850 2497 1056 2585 optimatibus
1076 2520 1186 2587 neque
1206 2498 1245 2564 P.

197 2613 335 2698 Clodio,
363 2615 419 2703 qui
440 2613 595 2702 Magnum
617 2613 777 2680 indefesse
798 2613 958 2699 uexabat,
993 2617 1076 2682 benc
1097 2615 1246 2684 resistere

196 2731 310 2813 sciret,
336 2729 377 2796 de
396 2731 522 2819 inperio
542 2731 639 2797 trium
662 2732 804 2797 uirorum
826 2730 1016 2818 depellendo
1037 2733 1122 2798 intra
1143 2754 1245 2800 annos

195 2847 316 2925 696le
338 2857 372 2914 et
391 2847 507 2926 697157
530 2857 746 2936 conceperant
766 2856 799 2914 et
819 2848 1036 2933 nutriucrant‚
1068 2851 1175 2916 subito
1203 2851 1244 2917 ad

196 2965 330 3030 inritum
359 2964 552 3032 oeciderunt.
596 2964 694 3032 nihilo
721 2965 827 3032 minus
854 2975 963 3033 tamen
984 2977 1244 3056 propugnatores

196 3081 244 3146 rei
258 3081 410 3169 publicae
424 3080 581 3170 Pompeio
603 3092 635 3150 et
650 3083 793 3166 Caesari,
817 3105 954 3172 quorum
970 3085 1107 3150 alterum
1120 3085 1244 3170 regiam

195 3197 388 3284 dignitatem
409 3197 638 3266 adsecuturum
660 3221 731 3266 esse
752 3199 860 3266 omnia
880 3200 1072 3285 clamabant,
1093 3201 1188 3268 enixe
1209 3225 1243 3269 se

195 3314 405 3402 opponebant
433 3327 469 3382 ut
490 3316 537 3381 rei
558 3317 708 3404 publicae
728 3318 939 3385 mutationem
960 3320 1072 3384 sinon
1094 3319 1243 3408 probibe-

193 3441 286 3515 rent,
319 3441 427 3498 tamen
458 3434 649 3521 proferrent
691 3456 773 3521 quos
798 3434 883 3501 inter
912 3434 1161 3503 innumerabiles
1189 3438 1242 3504 ad·

194 3549 374 3630 uersarios,
408 3571 546 3638 quorum
568 3573 628 3616 aua
657 3551 794 3639 quisque
812 3552 918 3619 indole
947 3563 980 3619 et
1006 3553 1160 3620 facultate
1181 3575 1240 3642 pro

191 3665 344 3732 libertate
372 3668 543 3754 pugnabat
569 3667 620 3733 uel
654 3689 802 3756 pugnare
835 3667 1026 3751 simulabat,
1065 3693 1130 3736 non
1162 3671 1241 3736 nulli

191 3793 310 3870 poetas
341 3804 474 3872 quoque
504 3783 654 3862 fuerunt,
691 3784 746 3871 qui
778 3785 973 3852 carminibua
1001 3787 1241 3853 contumeliosis

189 3898 270 3966 illud
290 3922 350 3988 par
371 3900 628 3988 potentissimum
651 3901 924 3989 adgredicbantur
945 3927 983 3969 ac
1004 3903 1240 3992 persequeban-
