2970 4484
380 343 454 400 vttll
488 347 537 399 DE
554 345 714 398 CAESARE
731 347 778 398 ΕΤ
796 345 1027 400 consumente
1180 348 1230 402 2⁰8

282 515 428 580 aemma
448 513 567 579 maiore
588 525 674 579 melu.
716 517 782 601 prsis
801 513 894 579 lr’tero
907 525 998 600 ponto

283 635 402 715 obruto,
421 633 490 718 quo
511 631 639 696 sommis
660 653 782 696 cerm
800 631 838 696 sir
859 629 1006 697 montibus
1026 653 1143 720 aequor

283 749 468 838 molstoque
490 749 525 814 r'n
544 759 643 812 terror
662 747 776 812 ddecto
796 746 860 814 sols
882 746 1051 830 codentsro,

284 879 326 933 tot
345 889 447 932 reram
458 865 568 952 finon,
589 869 690 930 tinem
708 866 795 930 sobi?
813 887 872 930 aon
893 876 986 930 used
1005 865 1082 932 ullos

282 1007 342 1070 pro
362 1006 396 1050 ss
409 983 504 1070 scm
524 993 614 1048 metro
634 1007 645 1048 .·
665 981 760 1048 ordi
779 979 996 1070 Mopsoque
1016 987 1182 1048 timetur.

180 1143 215 1202 et
238 1133 385 1202 Senecae
405 1131 541 1200 Medeae
563 1131 625 1199 885

331 1283 451 1350 auidus
467 1308 526 1370 prr
545 1306 662 1350 omnmo
684 1283 789 1369 rspice
806 1293 925 1368 portem
945 1284 1022 1359 fierit

331 1414 363 1466 ut
381 1407 481 1467 meus
501 1406 578 1490 iperi
599 1428 611 1468 .·
631 1405 692 1466 s'om
712 1403 822 1466 domm
841 1412 902 1466 tora
922 1399 1041 1486 oceidit,

333 1518 424 1582 urbi
441 1521 607 1582 timetur.

180 1685 321 1774 denique
342 1687 399 1753 uix
422 1695 471 1752 ast
493 1683 579 1774 qnod
604 1684 733 1772 longius
755 1684 951 1773 explicemus
973 1707 1069 1774 quem
1093 1684 1229 1774 simplex

180 1827 202 1870 a
222 1803 376 1870 ductuum
403 1803 583 1869 litterarum
610 1801 839 1890 probabilitate
870 1801 949 1869 haec
976 1802 1019 1868 sit
1046 1801 1228 1870 emendatio

180 1921 349 2010 multoque
362 1919 537 2009 simplicior
554 1942 661 2008 quam,
675 1929 711 1986 ut
728 1919 887 2006 exemplis
904 1919 1030 1986 duobus
1049 1929 1133 2003 utar,
1154 1941 1229 1986 con·

177 2039 322 2103 iecturae
343 2037 483 2104 Aldinae
504 2059 534 2103 a.
557 2037 637 2102 1502
656 2037 734 2104 tone
752 2037 877 2104 Gallus
897 2038 1016 2121 timeret,
1037 2043 1136 2104 timent
1152 2037 1228 2104 Bra‘·

178 2157 306 2220 tanciae
318 2165 351 2222 et
362 2153 539 2221 Froebneri
551 2153 675 2242 (philol.
689 2177 752 2220 xlm
765 2154 842 2238 583)
854 2159 932 2222 tuno
945 2153 1051 2220 Gallia
1063 2155 1230 2220 extimescit

179 2285 210 2338 et
230 2272 410 2354 Britannia,
426 2294 509 2359 quae
521 2270 642 2360 alioqui
656 2271 790 2339 uitiosae
806 2282 888 2337 sunt.
919 2271 1058 2338 efficitur
1073 2273 1159 2338 enim
1172 2271 1229 2338 illa

179 2413 220 2456 eo
235 2387 321 2476 quod
336 2387 429 2454 Hunc
443 2389 476 2454 in
492 2391 585 2456 Nurac
599 2399 697 2477 atque
713 2395 792 2455 tinet
807 2388 841 2456 in
861 2391 981 2455 timetur
1002 2399 1226 2456 commutatur.

179 2527 265 2594 quse
278 2515 417 2594 utraque
431 2505 568 2572 mutatio
582 2505 738 2572 facillima
759 2516 816 2572 est
858 2516 896 2570 ut
917 2505 958 2572 de
971 2505 1005 2570 H
1020 2516 1053 2572 et
1067 2505 1098 2570 N
1113 2505 1228 2572 litteris

176 2622 365 2711 saepissime
397 2622 536 2689 confusis
568 2634 692 2690 tseeam
726 2624 788 2708 (of.
819 2645 885 2688 xvn
914 2621 956 2687 23
983 2625 1079 2688 Hunc
1108 2621 1137 2688 L
1168 2644 1226 2710 pro

176 2743 273 2806 Nunc
295 2759 382 2805 cvnn
403 2739 424 2804 2
445 2739 538 2806 Nono
561 2741 591 2807 D
617 2762 677 2829 pro
696 2739 788 2806 Hares
809 2761 902 2808 Lxxv
924 2741 997 2806 Hoc
1016 2751 1152 2829 uterque
1166 2763 1226 2829 pro

178 2859 274 2924 Nunc
294 2881 361 2922 xxo
383 2857 403 2922 9
424 2881 500 2922 xxm
522 2857 565 2922 24
586 2877 686 2924 nxvur
711 2857 771 2924 152
791 2860 859 2924 Nec
878 2859 912 2924 D
938 2880 998 2946 pro
1026 2857 1115 2924 Haec
1137 2878 1225 2924 nxuu

175 2976 241 3042 385
261 2973 382 3040 Nereus
404 2973 431 3038 L
459 2998 518 3064 pro
540 2974 677 3042 Heroum
700 2996 791 3041 van
812 2977 864 3042 43.
886 2977 928 3042 46
950 2977 1084 3042 Homine
1104 2975 1137 3042 D
1165 2998 1224 3064 pro

177 3093 348 3178 Nomine),
382 3091 600 3160 ednotaudum
627 3102 677 3158 est
707 3093 842 3160 alteram
877 3093 975 3160 etiam
1008 3092 1225 3160 coniecturam

178 3207 449 3300 promptissimam
479 3230 549 3274 esse
570 3209 786 3298 :praesertim
815 3209 841 3276 si
871 3210 1041 3278 statuimus
1069 3211 1227 3299 syllabam

177 3327 324 3393 ultimam
346 3327 439 3393 uerbi
459 3327 581 3392 &metm
601 3325 635 3390 in
656 3327 832 3416 archetypo
861 3349 919 3416 per
941 3337 1051 3395 notam
1074 3328 1226 3417 scriptam

176 3443 276 3511 fuisse
298 3443 433 3530 (dmm)
455 3469 463 3512 :
485 3467 569 3532 quae
594 3454 672 3511 note
697 3445 795 3512 etiam
819 3467 886 3510 xvn
908 3446 929 3511 6
951 3446 1141 3532 (meipsius
1156 3448 1184 3530 Β)
1206 3472 1225 3512 a

176 3561 292 3628 scribis
319 3562 470 3648 neglecta
489 3561 592 3628 uideri
622 3562 732 3649 possit.
776 3563 832 3628 aed
862 3563 940 3630 illud
972 3565 1093 3630 timere
1124 3566 1225 3631 omni·

176 3679 238 3745 bus
268 3677 384 3744 litteris
414 3679 627 3768 perscriptum
661 3679 760 3746 fuisse
791 3681 922 3747 credere
954 3689 988 3748 et
1018 3704 1076 3768 pro
1109 3705 1224 3749 memo-

176 3793 259 3861 riola
285 3795 465 3862 litterarum
491 3795 639 3863 binarum
668 3799 858 3864 amissarum
879 3799 1019 3887 spatium
1040 3798 1123 3866 inter
1144 3805 1225 3866 fimet

177 3922 210 3978 et
230 3925 259 3978 st
277 3910 310 3978 in
336 3912 428 3980 libris
455 3935 520 3980 non
549 3913 644 3981 nullis
670 3913 817 3982 relictum
843 3915 1043 4004 adgnoscere
1070 3926 1222 4004 praestat.
