2954 4492
426 350 450 404 V
484 349 531 404 DE
549 349 729 404 suorumve
747 349 901 404 usurum
1152 349 1186 402 ‘lt

139 517 276 602 formosa
304 531 352 584 cst
382 521 500 600 mm,
530 519 608 584 msbr'
634 519 764 584 coads'dn
778 521 910 607 .loa9o,''
927 523 961 584 iu
992 541 1057 607 quo
1088 529 1185 606 poeta

142 635 292 715 Quintiae
324 635 493 702 cuiusdam
527 636 763 704 formositatem
797 660 814 702 c
848 635 956 702 multis
991 637 1183 702 celebratam

140 751 267 818 eleuans
282 751 439 820 Lesbiam
461 752 514 828 ait,
536 777 610 818 cum
624 752 816 839 pulcerrima
831 763 900 818 tota
920 763 1014 834 esset,
1035 754 1184 819 omnibus

140 891 203 934 una
217 891 331 934 omnes
349 869 495 937 Veneres
509 869 710 956 surripuisse,
732 891 803 936 eum
818 869 1022 936 Froeblichio
1038 872 1085 952 (in
1101 892 1184 934 com-

140 998 234 1052 ment.
257 985 372 1075 philol.
402 986 492 1054 acad.
524 987 650 1055 Monac.
674 1010 703 1050 ιιι
725 1010 755 1050 ιιι
778 987 853 1072 714)
876 997 909 1052 et
929 987 1184 1072 Iungclausseno

140 1103 172 1186 (l
183 1127 209 1168 c.
221 1126 253 1192 p.
268 1103 323 1188 13)
335 1102 441 1190 primo
457 1101 633 1170 carminum
648 1103 688 1168 ad
702 1101 854 1170 Lesbiam
867 1103 1057 1190 scriptorum
1074 1103 1186 1203 generi

139 1221 367 1286 ascribendum
390 1219 482 1286 duco.

216 1339 372 1404 Alterum
401 1358 504 1424 genus
533 1338 580 1402 eis
608 1337 804 1402 carminibus
833 1336 969 1404 efficitur
999 1359 1082 1427 quae
1103 1336 1185 1402 inter

137 1469 281 1521 amantes
304 1455 500 1521 discordiam
524 1465 627 1520 ortem
650 1477 720 1518 esse
741 1451 897 1542 produnt.
922 1455 1010 1544 prius
1032 1455 1184 1518 leuiorem

137 1573 262 1660 saepius
283 1573 373 1636 bona
395 1571 589 1656 cumgratia
609 1571 806 1660 conpositam
823 1584 936 1660 postea
951 1572 1184 1658 grauissimam,

136 1711 199 1776 qua
220 1712 314 1754 amor
335 1689 369 1753 in
400 1689 507 1754 odium
530 1711 705 1754 conuersus
726 1689 900 1756 dissolutus
923 1701 980 1754 est.
1023 1689 1105 1754 hanc
1126 1687 1184 1753 dis-

137 1803 278 1872 cordiam
301 1831 322 1872 ιι
346 1803 462 1876 Clodia
483 1799 555 1870 ‘uon
584 1827 649 1870 uno
680 1801 807 1871 Catullo
830 1800 1000 1888 contenta‘,
1032 1816 1069 1870 ut
1089 1805 1184 1870 modo

137 1921 238 2010 ipsum
260 1934 394 2010 poetam
410 1932 596 2009 querentem
618 1922 809 2005 audiuimus,
832 1921 979 1988 effectam
1001 1945 1070 1989 esse
1092 1934 1185 1987 extra

137 2037 374 2104 dubitationem
411 2036 549 2126 positum
583 2061 652 2107 esse
687 2051 856 2126 putamus,
899 2063 971 2107 eum
1006 2040 1032 2106 si
1067 2037 1185 2106 Catulli

136 2155 297 2242 querellas
314 2150 564 2244 respexerimus,
586 2166 654 2220 tum
671 2155 697 2222 si
719 2179 829 2220 eorum
850 2179 1009 2251 memores
1030 2159 1184 2224 fuerimus

138 2295 219 2360 quae
241 2295 345 2362 snpra
365 2269 436 2338 aliis
458 2271 642 2339 auctoribus
664 2284 696 2338 et
718 2273 915 2360 argumentis
931 2275 979 2340 usi
995 2276 1035 2340 de
1050 2275 1184 2368 Clodiae

136 2390 278 2458 moribus
300 2389 547 2456 disserebamus.
590 2391 765 2455 carminum
788 2414 899 2456 eorum
916 2414 999 2480 quae
1015 2391 1184 2458 discidium

137 2506 211 2574 illud
237 2517 404 2574 testentur
434 2529 552 2594 agmen
583 2527 712 2572 carmen
735 2527 805 2572 Lxx
826 2509 968 2574 Nullius
988 2511 1056 2574 dicu
1075 2513 1187 2575 mulier·

137 2649 203 2690 mea
226 2626 347 2692 nabere
370 2625 463 2690 molle
487 2623 594 2706 ducat,
626 2623 714 2712 quod
739 2635 837 2712 poete
860 2625 1046 2692 mollissimo
1068 2627 1186 2693 doloris

136 2763 230 2808 sensu
253 2763 431 2832 percussus
452 2741 500 2806 his
522 2741 630 2808 uerbis
652 2741 765 2824 finiuit,

234 2895 349 2959 dicit:
368 2895 423 2958 aad
441 2893 552 2960 mulier
572 2895 681 2978 cupido
702 2897 782 2981 quod
801 2893 882 2960 dicit
901 2896 1031 2976 ornanti,

287 3015 321 3076 r'rr
341 3021 431 3091 uento
452 3021 479 3074 ct
498 3013 607 3094 rapido
628 3009 757 3076 scribere
776 3023 893 3096 oportet
911 3035 1001 3098 aquo.

136 3160 254 3227 deinde
297 3161 363 3225 bue
404 3161 467 3226 duo
512 3161 622 3228 similis
666 3165 847 3249 argumenti
887 3163 1027 3228 carmina
1063 3183 1185 3230 Lxxxm

136 3278 254 3344 Lesbio
285 3279 335 3344 mi
356 3290 516 3364 prosecute
547 3285 612 3343 uiro
640 3280 726 3346 ιιιαία
751 3282 882 3364 pluruma
903 3283 974 3346 dicit
993 3290 1026 3346 et
1047 3299 1184 3346 Lxxxxu

136 3393 251 3460 Lesbia
272 3399 321 3460 mi
339 3394 421 3462 dicit
441 3419 558 3482 semper
579 3399 655 3462 malo
675 3421 729 3464 aec
749 3407 830 3464 tacet
849 3420 992 3484 umqrrom
1013 3399 1184 3486 pertinent,

136 3535 276 3600 quorum
306 3511 399 3600 priua
427 3512 700 3600 lungulaussenus
731 3515 843 3601 generi
876 3517 974 3604 priori
1006 3538 1070 3582 non
1103 3517 1185 3582 bene

139 3629 263 3696 tribuit.
307 3651 348 3694 en
371 3629 471 3697 habes
492 3642 606 3714 totum,

236 3799 355 3866 Lesbia
373 3803 418 3864 rai
431 3813 593 3883 *praeseus
612 3805 680 3864 aruo
700 3801 785 3865 mola
805 3803 941 3888 plemma
962 3803 1046 3882 dabat,

286 3917 347 3982 hoo
366 3917 413 3980 illi
430 3915 520 3998 famo
540 3919 677 3981 marimo
697 3919 845 3983 laetds'oct.
891 3962 917 3978 ..
1067 3919 1072 3930 “
