2954 4492
290 343 339 392 110
572 341 595 392 V
628 341 677 394 DE
694 339 872 394 monmvs
890 338 1044 392 cnuvnnt

288 515 432 572 cetorum
458 515 603 594 tempore
633 527 698 593 quo
719 505 866 574 Catullus
887 507 921 572 in
943 503 1084 572 Gellium
1106 507 1253 572 inuectus
1274 517 1336 590 est,

287 621 325 688 L.
348 623 513 711 Philippus
535 622 635 690 Gellii
655 625 788 690 uitrious
815 647 881 690 non
908 626 971 690 iam
1000 623 1034 688 in
1054 623 1138 690 uiuis
1157 622 1229 690 fuit.
1272 623 1336 690 hoo

287 739 401 806 uelox
430 741 502 806 loeo
525 739 693 807 Sestianae
715 762 810 828 quem
832 742 1044 829 excripsimus
1065 738 1184 828 conligi
1214 748 1333 828 potest.
1467 815 1468 840 ζ

287 857 360 923 uide
392 858 492 923 uerba
519 859 579 946 qai
602 882 672 922 cum
707 860 776 924 eius
806 858 1147 939 educemus-florere
1174 857 1333 942 potuisset.
1467 855 1468 908 1

286 983 453 1060 praeterea
480 973 666 1063 Philippum
694 975 719 1040 61
748 973 973 1062 perpendimus
1013 974 1078 1038 iam
1117 994 1227 1038 senem
1261 981 1333 1038 tum
1379 989 1385 1002 '

286 1091 386 1156 fuisse
424 1115 496 1158 cum
532 1113 616 1158 anno
647 1091 760 1174 668186
787 1112 846 1178 pro
875 1090 1010 1176 Pompei
1037 1089 1131 1155 honis
1158 1089 1333 1156 Asculanis
1467 1107 1468 1116 ¹

286 1207 484 1292 (1166161161.
506 1206 575 1274 cic.
597 1207 868 1292 Β16164266),
896 1219 929 1274 et
956 1229 1041 1274 anno
1069 1205 1185 1283 616178
1207 1216 1334 1274 6616166

285 1325 318 1388 in
337 1337 451 1392 senatu
471 1334 577 1392 aetate
598 1326 737 1392 anteisse
759 1325 814 1408 (cf.
838 1321 915 1392 Sall.
936 1324 1010 1390 hist.
1033 1347 1042 1390 1
1065 1323 1114 1389 18.
1139 1323 1210 1408 19),
1231 1323 1333 1390 mani·

285 1442 404 1506 festum
415 1453 464 1508 est
473 1463 546 1508 eum
558 1465 641 1507 anno
656 1463 753 1530 quem
764 1453 883 1508 uocant
893 1463 951 1508 suo
963 1440 1166 1508 consulatum
1173 1463 1234 1506 nec
1244 1464 1333 1508 enno

284 1559 411 1641 661193,
433 1580 497 1647 quo
519 1558 676 1626 Herennii
698 1581 811 1626 caussa
831 1559 992 1646 repulsam
1014 1559 1098 1642 tulit,
1120 1556 1248 1646 petiisse
1269 1579 1333 1624 nec
1467 1637 1468 1650 ἶ

285 1697 370 1742 euno
390 1675 503 1753 663191
529 1675 678 1763 gessisse,
700 1675 757 1742 sed
777 1676 943 1741 minimum
965 1676 1121 1743 decennio
1142 1687 1216 1763 post
1236 1697 1332 1742 suum
1467 1675 1468 1678 ’

284 1815 404 1860 aunum
433 1817 461 1860 a.
483 1793 600 1869 661193
628 1816 701 1860 oum
733 1792 901 1859 Herennio
930 1793 970 1860 de
990 1793 1182 1879 magistratu
1203 1815 1330 1859 summo
1467 1845 1468 1884 3

284 1911 467 1976 6611661666.
509 1909 629 1977 idcirco
657 1909 988 1988 666616166681146
1014 1907 1196 1998 Philippum
1216 1919 1331 1976 natum
1467 1937 1468 2006 ἐ

285 2049 354 2092 esse
386 2027 600 2109 censendum,
634 2049 699 2115 qua
720 2049 793 2092 eum
814 2026 1001 2094 definitione
1024 2049 1107 2115 quae
1130 2026 1169 2092 de
1189 2027 1329 2093 Antonii

285 2143 394 2212 Crassi
423 2143 563 2231 Philippi
585 2142 684 2210 Gellii
706 2153 868 2210 oratorum
891 2153 995 2210 aetate
1017 2141 1133 2210 Cicero
1157 2143 1265 2226 (Brut.
1286 2143 1329 2208 47

286 2261 450 2345 173.174)
477 2260 560 2328 dixit
582 2261 701 2348 optime
721 2259 933 2327 consentiunt
976 2260 1061 2328 unde
1088 2283 1117 2326 a.
1138 2259 1255 2337 696168
1277 2260 1331 2326 uel

283 2377 400 2454 698166
412 2401 486 2444 eum
497 2379 559 2444 iam
572 2389 735 2444 mortuum
749 2399 820 2444 esse
830 2378 900 2444 ueri
912 2378 1109 2444 simillimum
1120 2387 1177 2444 est.
1187 2376 1332 2466 denique

282 2496 340 2562 uix
362 2495 512 2582 estquod
534 2517 682 2562 moneam
697 2495 890 2562 Teuffelium
904 2496 936 2562 io
952 2494 1058 2561 Paulii
1078 2493 1329 2584 encyclopaedia

282 2636 323 2680 uu
348 2612 429 2678 1538
450 2611 620 2678 docentem
641 2610 681 2678 L.
705 2611 889 2701 Philippum
910 2636 937 2678 o.
960 2611 1098 2690 6291125
1118 2623 1230 2678 uatum
1256 2635 1328 2678 esse

282 2730 398 2796 mirum
420 2751 561 2796 errorem
584 2729 780 2796 commisisse
802 2754 809 2796 :
831 2751 928 2815 quem
949 2753 1119 2796 numerum
1136 2730 1253 2816 ignoro
1276 2729 1328 2795 cui

282 2846 405 2914 auctori
437 2846 554 2913 debeat
585 2845 638 2911 uel
663 2869 728 2935 qua
762 2846 1009 2913 ratiocinatione
1043 2848 1093 2912 uir
1125 2846 1327 2914 doctissimus

281 2964 452 3032 adsecutus
473 2963 522 3029 sit
564 2986 649 3050 quae
676 2986 748 3029 oum
770 2964 815 3030 116
837 2962 901 3030 61111
930 2986 996 3030 non
1022 2986 1192 3051 possumus
1219 2965 1328 3031 fucere

281 3083 359 3169 quin
380 3081 473 3148 ualde
495 3081 695 3168 inprobabile
716 3103 787 3146 esee
809 3080 985 3147 iudicemus
1000 3079 1153 3164 Gellium,
1174 3081 1206 3146 in
1229 3105 1326 3170 quem

281 3198 395 3266 Ciooro
425 3220 484 3286 pro
514 3195 621 3264 Sestio
650 3197 854 3266 acerbissime
880 3198 1028 3264 inuectus
1048 3207 1117 3280 est,
1148 3221 1168 3264 a
1196 3197 1326 3266 Getullu

279 3317 343 3382 illis
364 3337 447 3402 quae
469 3315 609 3380 diximus
638 3325 762 3403 septem
791 3314 984 3381 carminibus
1008 3314 1223 3400 significatum
1244 3337 1326 3382 esse

362 3431 453 3499 Nihil
473 3432 573 3518 igitur
593 3431 715 3520 inpedit
736 3433 924 3520 quominus
944 3456 1004 3500 nos
1026 3433 1067 3500 ad
1088 3433 1226 3500 alterum
1249 3430 1328 3502 Gel-

280 3548 358 3614 lium
390 3560 628 3630 conuertemus,
660 3571 756 3636 quem
778 3559 906 3636 praeter
926 3549 1034 3618 Clodii
1053 3550 1144 3616 illum
1165 3549 1327 3616 adseclam

280 3665 532 3752 ascriptoribus
560 3666 723 3732 ueteribus
752 3667 996 3732 commemorari
1025 3665 1087 3731 iam
1110 3689 1208 3754 supra
1229 3668 1327 3734 adno-

280 3781 428 3848 teuimus.
469 3781 521 3848 hic
547 3781 672 3850 Gellius
695 3785 785 3866 alter,
807 3806 902 3871 quem
923 3807 943 3847 6
958 3783 1086 3850 Catullo
1108 3784 1325 3872 significatum

279 3923 349 3965 esse
368 3923 461 3964 nemo
490 3909 620 3986 praeter
643 3901 814 3968 Octauium
844 3899 1083 3987 Pantagstlrum
1113 3902 1256 3988 putauit,
1288 3904 1325 3970 L.
