3002 4490
693 369 758 422 xm
792 370 840 423 DE
856 367 953 424 VARO

697 542 725 602 si
742 537 879 602 connino
899 538 1015 620 condes,

399 675 564 740 mtmqnom
585 663 613 717 te
625 653 747 740 fallant
767 657 866 718 ammi
884 654 939 718 sub
959 653 1045 738 nolpe
1065 653 1198 718 latentes.
1246 717 1251 732 ,

402 769 554 850 Quintilio
575 771 609 834 si
626 768 700 854 qnid
716 773 869 850 reor'tores,
890 761 1023 856 ‘corripe
1044 767 1134 832 sodes

401 881 467 953 boo’
488 887 591 952 ciebat
609 881 646 950 ‘et
665 879 734 952 boc'.
776 886 884 951 metim
904 897 931 950 te
947 909 1035 970 posse
1055 907 1185 970 nepnres

404 1005 450 1069 bis
470 1016 572 1090 terque
592 1017 750 1090 expertum
770 1002 903 1087 frustra,
924 1003 1023 1068 delere
1043 1001 1163 1066 iubebat

402 1133 431 1186 et
450 1122 526 1184 mule
546 1131 675 1186 tornatos
696 1122 799 1184 mendi
816 1119 944 1184 reddere
961 1141 1083 1184 uersus.

400 1241 432 1304 ri
448 1237 617 1323 defendere
638 1236 783 1303 delinirem
803 1259 895 1324 quom
916 1248 1031 1301 uertere
1050 1235 1162 1313 melles,

400 1355 514 1420 nullum
535 1354 618 1419 ultro
638 1357 759 1418 uerbum
780 1367 832 1418 out
856 1376 983 1438 operam
1003 1353 1323 1448 immolationum,

400 1473 475 1558 quin
497 1477 561 1536 sine
581 1472 680 1536 rurali
697 1483 781 1558 teque
801 1483 829 1536 et
850 1481 900 1535 mn
921 1473 1000 1537 robes
1021 1493 1157 1536 omenes.

303 1611 380 1654 num
411 1589 453 1656 ed
488 1588 623 1654 eundem
660 1588 765 1654 uirum
801 1586 956 1654 Horatius
985 1576 1114 1653 carmen
1149 1586 1222 1684 libri
1253 1587 1351 1675 primi

303 1729 402 1790 xuni,
435 1705 521 1794 quod
543 1705 583 1772 od
604 1705 727 1771 Verum
759 1705 918 1794 quendem
947 1704 1100 1793 scriptum
1131 1715 1194 1788 est,
1226 1705 1353 1772 miserit

303 1823 461 1888 incertum
489 1843 595 1911 neque
623 1820 791 1909 probabile
814 1831 871 1887 est
914 1820 956 1887 ud
976 1820 1081 1886 locum
1103 1822 1180 1888 ortis
1202 1823 1352 1910 poeticae

301 1949 532 2005 commentator
567 1935 703 2026 Oruquii
735 1938 816 2004 baec
850 1937 981 2006 hebet:
1010 1938 1060 2003 ln'o
1091 1951 1159 2004 erot
1187 1939 1351 2018 Quintilius

311 2055 422 2140 Varus,
435 2067 525 2142 poeta
540 2056 765 2138 Cremonensis,
777 2067 924 2140 patronus
937 2057 1098 2121 etamcbns
1121 2057 1248 2142 Verque,
1270 2056 1350 2123 Por-

301 2171 439 2262 phyrion
462 2172 542 2239 boec
563 2172 731 2238 ednotnuit
752 2197 759 2236 ε
780 2172 831 2237 bic
855 2183 920 2237 erat
945 2172 1113 2251 Οιώιιίίἁιε
1142 2173 1245 2239 Verus
1274 2171 1349 2240 Ore-

302 2295 473 2374 mmmm,
502 2295 618 2355 amicus
648 2290 781 2376 inupti,
803 2313 894 2377 eques
915 2291 1073 2356 Romnum
1095 2289 1150 2374 (of.
1180 2302 1350 2379 prsetercn
1472 2317 1478 2324 ·

248 2391 250 2396 ¹
301 2409 408 2476 Hetrei
437 2429 625 2497 prosopogr.
653 2405 769 2473 Horet.
792 2429 824 2494 p.
850 2407 934 2493 201).
976 2406 1074 2510 haece
1103 2429 1187 2494 quse
1207 2429 1249 2473 ex
1273 2407 1350 2474 solis

301 2524 428 2592 Horatii
440 2525 587 2592 uersibus
603 2524 814 2591 escholisstis
830 2523 982 2612 cognosci
996 2546 1061 2592 non
1075 2535 1260 2613 potnerunt,
1275 2547 1350 2591 cum

304 2644 350 2709 eis
378 2665 460 2730 quse
488 2641 709 2731 Hieronymus
737 2664 779 2708 ex
807 2640 961 2710 Suetonio
995 2643 1139 2710 enotouit
1169 2653 1235 2709 tem
1264 2642 1350 2710 bene

303 2761 487 2848 conspirent
513 2770 549 2825 ut
573 2783 634 2826 neo
662 2760 702 2826 de
732 2781 841 2824 corum
868 2760 1006 2826 ueritate
1027 2759 1060 2826 in
1081 2761 1267 2827 uniuersum
1287 2783 1350 2826 nee

303 2877 490 2966 singillatim
517 2876 557 2943 de
579 2875 643 2942 fide
663 2875 864 2963 cognominis
886 2876 965 2943 Vari
988 2899 1007 2942 e
1029 2876 1209 2945 schelicstis
1236 2875 1350 2945 traditi

303 2995 505 3083 (praesertim
528 3016 601 3060 cum
622 2993 656 3059 id
672 3015 852 3082 cognomen
867 2993 1013 3082 ingente
1028 2993 1350 3082 Quintiliuirequen·

302 3089 460 3178 tissimum
480 3111 594 3195 fuerit)
617 3110 757 3179 dubitari
779 3110 889 3199 possit.
932 3110 973 3177 de
1000 3113 1199 3200 temporibus
1230 3111 1349 3200 quibus

304 3227 480 3309 Quintilius
494 3225 601 3294 Verus
623 3226 706 3294 uixit
726 3227 806 3294 hoec
827 3228 925 3295 statui
945 3249 1041 3316 posse
1055 3227 1215 3296 uidentur.
1247 3227 1349 3310 Quin·

303 3344 406 3411 tilium
428 3367 512 3412 enno
534 3345 649 3423 730124
671 3355 830 3412 mortuum
850 3367 920 3411 esse
936 3367 976 3411 ex
990 3345 1191 3434 Hieronymo
1208 3346 1348 3415 scimus:

303 3461 360 3528 sed
389 3485 454 3551 qun
483 3462 570 3529 uitsc
601 3473 707 3530 netstc
735 3473 880 3528 mortuus
902 3460 943 3527 sit
964 3464 1111 3551 ignotum
1137 3473 1195 3529 est
1238 3473 1348 3530 tamen

302 3601 367 3645 non
388 3578 456 3644 sine
477 3580 705 3668 probabilitate
726 3579 888 3668 conligere
909 3601 1004 3667 posse
1025 3579 1104 3646 mibi
1122 3580 1234 3647 uideor
1247 3579 1349 3662 Quin·

301 3695 406 3790 tiiium
434 3707 466 3763 et
486 3695 634 3784 Vergilio
664 3707 696 3762 et
723 3695 859 3763 Horatio
888 3696 1055 3783 eliquanto
1083 3707 1162 3764 notu
1192 3699 1347 3764 maiorem

299 3813 408 3879 fuisse
452 3815 683 3901 cumprimum
704 3813 859 3880 Horatius
891 3814 923 3878 in
953 3813 1094 3881 carmine
1121 3815 1175 3880 illo
1197 3815 1281 3904 quod
1304 3815 1346 3883 ud

301 3928 483 4016 Vergilium
516 3929 556 3996 dc
585 3941 687 3997 morte
709 3929 856 4011 Quintilii
890 3931 1017 4014 scripsit
1048 3955 1089 3998 ne
1119 3955 1184 3998 uno
1216 3931 1346 4018 quidem
