2920 4492
273 377 299 430 ll
333 377 384 432 DE
401 377 508 432 sums
525 377 659 432 usum
675 379 724 432 ΕΤ
738 376 872 432 usuam
890 375 1047 430 curvum
1147 379 1181 432 bt

17 564 24 578 ·
136 543 195 610 iam
214 543 374 632 adgnouit
401 545 456 633 qui
484 545 546 611 bac
573 545 606 610 in
634 545 824 634 quaestione
851 565 917 610 nen
943 551 1009 610 tum
1031 543 1179 612 consulto

138 681 228 749 quam
254 663 340 728 forte
361 662 493 728 fannus
513 683 643 728 emman
666 681 709 728 nu
731 661 765 727 in
796 683 889 726 usum
918 681 1039 726 uocare
1065 661 1183 744 omisit,

137 776 264 844 buum
284 777 431 844 Vossius.
475 778 531 866 qni
558 799 633 844 curn
661 777 881 864 Hieronymus
912 797 997 864 qnae
1024 776 1066 843 de
1096 799 1181 844 anne

137 891 250 962 Catulli
280 895 369 964 fatali
403 894 567 960 docunset
597 894 679 962 falsa
709 915 780 960 esse
811 893 1043 977 intellexisset,
1075 917 1114 960 sa
1142 894 1183 961 ds

136 1031 243 1077 mursa
275 1011 354 1100 qnia
375 1009 496 1078 Catulli
518 1010 638 1098 scriptu
657 1009 737 1076 nibil
757 1009 845 1099 quod
866 1032 932 1076 non
953 1011 1180 1099 praecessisset

136 1126 247 1193 bellun
269 1129 365 1194 ciuile
387 1127 538 1196 Caesaris
567 1137 601 1194 et
631 1127 765 1215 Pompei
787 1129 1008 1211 continerent,
1043 1130 1183 1196 coniecit

136 1254 258 1329 poetam
280 1255 359 1312 ante
372 1244 571 1312 bochellum
593 1243 710 1311 librum
733 1267 828 1311 suum
849 1243 987 1312 edidisse
1008 1267 1047 1311 ae
1067 1245 1181 1314 uiuere

135 1359 258 1427 dedbse
292 1361 349 1446 (el.
381 1361 646 1428 obseruationum
675 1359 709 1426 in
743 1359 908 1430 Catullum
934 1384 966 1450 p.
992 1361 1042 1428 82
1065 1361 1122 1448 83)
1150 1371 1185 1428 et

133 1489 263 1544 mortem
286 1477 408 1546 Catulli
429 1488 487 1546 aut
507 1500 593 1544 anno
615 1477 733 1557 voulut
754 1488 811 1544 aut
832 1499 916 1545 anno
940 1479 1023 1548 bello
1046 1480 1093 1546 illi
1109 1501 1183 1567 pro·

131 1593 213 1660 ximo
232 1595 439 1663 antecedenti
460 1595 578 1674 russeo
599 1595 784 1681 adsignauit
811 1595 1041 1664 obseruatione
1071 1595 1183 1664 rectis·

133 1713 210 1779 sima
229 1735 297 1780 uon
320 1713 399 1778 satis
420 1721 514 1779 caute
532 1733 621 1778 usus.

210 1830 256 1896 At
285 1851 364 1896 num
393 1829 526 1896 credere
554 1831 703 1916 cogimur
729 1829 893 1896 Catullum
915 1829 1079 1896 Vatinium
1110 1851 1183 1896 con·

131 1947 232 2011 sulem
259 1945 363 2012 oculis
391 1946 543 2012 uidisse?
577 1945 719 2013 minime.
761 1946 826 2013 iam
848 1948 900 2012 uir
931 1946 1046 2012 doctus
1075 1943 1182 2012 nescio

131 2061 201 2150 quis
222 2063 256 2128 in
279 2062 533 2130 Zimmermanni
556 2063 667 2130 diariis
688 2063 779 2148 (anni
802 2063 883 2130 1834
903 2087 913 2128 ι
935 2063 1012 2147 958)
1036 2073 1069 2129 et
1089 2062 1183 2129 buins

130 2189 166 2246 ut
191 2179 323 2246 uidetur
344 2179 471 2248 nescius
494 2179 715 2246 Mommsenus
736 2180 864 2265 (histor.
892 2180 1029 2246 Roman
1054 2180 1182 2247 1111304

129 2296 180 2361 uel
203 2297 369 2380 1112314),
406 2298 497 2363 anius
516 2297 709 2364 sententiam
731 2297 1005 2383 Iungclausscnns
1034 2296 1069 2362 in
1097 2319 1183 2362 com·

129 2414 330 2480 mentatione
361 2414 402 2480 de
428 2413 607 2481 carminum
634 2414 891 2482 Catulliaucrum
919 2414 1120 2500 temporibus
1153 2435 1183 2479 u.

130 2529 207 2596 1857
250 2527 342 2596 edita
370 2531 581 2618 adprobauit,
622 2532 800 2598 rectissime
831 2531 1031 2598 adnotarunt
1062 2529 1182 2599 Catulli

128 2646 229 2714 uerba
258 2667 329 2712 non
356 2647 401 2714 ita
429 2657 608 2736 conparate
633 2669 704 2715 esso
732 2657 768 2714 ut
797 2646 871 2713 inde
899 2647 977 2716 illud
999 2645 1182 2714 necessario

127 2763 386 2830 concludendum
407 2765 459 2830 eit.
503 2765 581 2852 quid
603 2764 688 2830 enirn
710 2775 759 2830 est
782 2764 871 2851 quod
892 2764 1043 2833 Catullus
1064 2765 1099 2832 in
1118 2763 1184 2829 Va·

126 2881 206 2947 tinio
227 2901 331 2966 segre
355 2881 472 2946 ferat?
512 2905 570 2966 per
592 2883 778 2948 communen
797 2887 914 2968 peierat
945 2883 1084 2948 Votina'rrr
1108 2880 1139 2945 b.
1155 2902 1182 2946 e.

128 2997 302 3065 consulatu
332 2997 424 3084 quasi
455 3006 538 3064 teste
568 2997 718 3065 inuocato
740 2995 891 3064 Vatinius
913 2996 1055 3084 periuria
1075 2995 1183 3064 lacit:

127 3135 276 3180 errorem
312 3116 398 3181 euim
432 3137 452 3180 a
479 3113 668 3181 Lehmanne
706 3135 813 3203 nuper
849 3114 1042 3203 repetitum,
1084 3133 1182 3201 quem

126 3229 298 3300 Palladius
312 3231 437 3298 Fuscus
458 3231 568 3298 uerbis
578 3255 636 3318 per
650 3233 837 3298 conraldum
860 3229 1035 3298 arbitratus
1055 3239 1182 3318 tempus

127 3371 192 3437 quo
216 3348 373 3416 Vatinius
393 3349 476 3415 falso
497 3349 669 3416 iuranisset
700 3349 877 3417 indicatum
908 3369 978 3413 esse
999 3347 1075 3414 olim
1097 3371 1182 3415 com·

127 3467 222 3543 misit,
239 3469 385 3533 retntare
399 3465 654 3555 supersedemus.
684 3463 741 3532 sed
757 3487 814 3532 cur
829 3487 988 3554 ponamus
1004 3465 1180 3544 Vatinium,

126 3605 200 3650 cum
219 3582 373 3651 Catullus
394 3583 496 3650 uerba
516 3581 571 3650 illu
591 3581 764 3664 somberet,
793 3583 857 3650 iam
872 3583 1036 3648 consulem
1050 3582 1183 3649 fuisse?

126 3722 202 3767 unm
224 3699 398 3788 probabile
419 3709 469 3766 est
491 3698 674 3782 Catullum,
704 3699 732 3765 si
759 3699 927 3766 Vatinium
950 3699 1116 3766 consulem
1138 3701 1185 3765 ui·

126 3817 250 3896 disset,
288 3816 358 3883 sins
385 3816 537 3883 misorum
572 3827 607 3884 et
637 3816 886 3884 intermortuam
921 3815 1122 3884 consulatum
1152 3816 1185 3882 in

126 3955 249 4024 paucos
271 3931 343 4002 dies
363 3931 410 4000 illi
431 3953 452 4000 a
470 3931 611 4002 Caesare
633 3953 820 4000 concessum
842 3942 937 4002 tanta
955 3931 1187 4018 indignatione,
