2970 4484
293 341 344 397 244
545 337 568 393 X
605 341 653 393 DE
670 339 852 393 venemo
869 339 915 392 ΕΤ
931 335 1095 392 saevum

296 533 369 574 cum
391 511 452 574 hoe
475 507 617 574 carmine
639 529 768 574 carmen
789 527 923 572 xxxxvn
946 505 1209 592 coniungendam
1230 517 1289 588 eat,
1310 509 1346 573 in

295 647 359 712 quo
381 635 477 713 poeta
498 625 531 688 in
552 623 702 690 Porcium
725 634 758 688 at
780 621 999 689 Socrationem
1026 621 1144 688 aeriter
1172 623 1347 706 inuehitur,

295 765 375 830 quos
405 767 424 807 a
453 741 571 806 Pisone
594 740 757 806 Verannio
789 749 820 804 et
851 739 990 804 Fabullo
1019 740 1219 827 antepositos
1246 762 1346 826 quam

294 857 434 922 maxime
467 877 567 942 aegre
595 857 688 920 ierat
740 856 803 919 iam
835 865 901 920 tres
932 855 1140 941 quaestiones
1170 855 1345 923 soluendae

295 984 379 1040 sunt.
421 972 560 1061 primum
583 973 667 1038 enim
687 971 914 1060 inquirendum
930 972 1058 1060 quando
1074 971 1250 1038 carminum
1265 973 1344 1040 illud

294 1091 529 1179 perscriptum
559 1087 616 1172 it,
646 1089 761 1156 deinde
781 1112 846 1177 qua
866 1089 900 1154 in
921 1087 1087 1176 prouincia
1108 1088 1291 1154 Verennius
1313 1099 1347 1156 et

295 1207 451 1274 Fabullus
474 1229 545 1272 eum
567 1206 686 1272 Pisone
707 1214 856 1294 praetore
875 1206 1014 1287 fuerint,
1037 1206 1175 1294 denique
1197 1207 1270 1292 quis
1291 1207 1348 1272 ille

296 1333 428 1411 praetor
448 1324 556 1390 fuerit.
600 1333 698 1410 atque
719 1321 760 1386 de
778 1333 926 1408 tempore
940 1322 1033 1387 facile
1047 1345 1145 1388 unum
1160 1321 1289 1409 quidem
1305 1345 1347 1388 ex

297 1437 446 1505 carminis
467 1461 567 1506 xxvrrr
590 1439 693 1503 7-10
714 1438 904 1524 configitur,
935 1461 999 1504 non
1021 1450 1096 1504 ante
1117 1440 1180 1504 iter
1199 1437 1348 1526 Bithyni·

297 1579 371 1622 eum
400 1557 593 1636 confectum,
623 1555 654 1620 h.
684 1579 710 1620 e.
742 1577 804 1620 non
838 1569 913 1620 ante
943 1556 1019 1620 anni
1050 1555 1167 1631 698156
1199 1565 1349 1643 tempora

297 1695 398 1740 uerna
413 1671 481 1738 siue
496 1670 598 1737 mauis
613 1671 737 1737 aestiua
751 1671 892 1737 earmina
909 1695 1006 1737 xxvia
1023 1683 1056 1738 et
1070 1695 1204 1738 xxxxvu
1226 1674 1349 1760 scripta

297 1812 366 1856 esse
397 1810 502 1874 posse.
546 1799 579 1854 at
610 1810 674 1877 quo
706 1788 857 1854 Pisonem
891 1799 1072 1874 praetorem
1101 1790 1286 1856 Verannius
1315 1801 1349 1855 et

297 1905 451 1973 Fabullus
473 1905 615 1970 comitati
637 1905 739 1972 aunt?
767 1905 961 1992 interpretes
982 1907 1037 1992 qni
1057 1906 1096 1970 da
1117 1906 1177 1972 hae
1197 1927 1232 1971 re
1246 1905 1347 1972 uerba

297 2023 446 2090 fecerunt
470 2023 511 2088 ad
538 2045 637 2088 unum
665 2043 802 2088 ornnes:
825 2017 867 2087 ‘in
889 2012 1092 2110 Hispaniam'
1111 2023 1260 2110 inquiunt
1282 2045 1347 2087 oar·

298 2140 383 2206 mina
410 2163 454 2205 xri
479 2141 518 2203 14
546 2149 579 2205 et
606 2163 670 2204 vair
692 2141 713 2204 6
741 2139 879 2205 conferri
909 2139 1066 2205 iubentes.
1116 2139 1157 2204 sit
1183 2141 1230 2205 ita
1258 2161 1345 2205 sane.

299 2257 355 2320 sed
383 2255 428 2321 illi
456 2255 608 2321 Pisonem
637 2256 812 2344 quemlibet
838 2255 1020 2343 producant
1047 2257 1103 2342 qui
1132 2257 1218 2322 inter
1246 2277 1347 2320 annos
1468 2289 1473 2301 ⁴

298 2373 415 2448 697167
443 2381 476 2437 et
504 2372 621 2449 ’100154
652 2372 685 2436 in
714 2371 873 2459 Hispania
902 2373 950 2456 (et
976 2370 1009 2434 in
1040 2373 1190 2438 citeriore
1217 2371 1347 2458 quidem

299 2489 478 2576 Hispania,
511 2489 537 2554 si
568 2499 692 2554 tanturn
724 2511 765 2553 ex
797 2488 933 2554 sudariis
964 2481 1135 2556 ‘Saetabis’
1165 2488 1296 2555 Catullo
1329 2509 1347 2552 a
1472 2539 1473 2550 2

300 2604 463 2670 Verannio
492 2615 525 2670 et
553 2604 688 2671 Fabullo
721 2602 915 2669 transmissis
945 2603 1111 2692 conligere
1138 2604 1227 2688 lieet)
1257 2625 1347 2692 pree

298 2730 350 2786 tor
377 2723 484 2786 fuerit.
526 2743 599 2786 nam
620 2741 701 2806 quos
723 2719 857 2786 Pisones
877 2719 1069 2808 interpretes
1092 2744 1112 2785 a
1133 2719 1260 2789 Catullo
1283 2721 1345 2808 opi-

298 2839 365 2903 nati
387 2848 462 2904 sunt
481 2837 637 2903 indicatos
660 2859 740 2920 esse,
769 2859 880 2902 eorum
902 2847 1048 2924 tempora
1069 2840 1151 2904 mira
1172 2840 1347 2925 neglegen-

298 2957 345 3020 tia
365 2977 430 3019 non
451 2963 673 3042 respexerunt
718 2951 782 3018 Gn.
805 2954 889 3018 enim
911 2953 1105 3040 Calpurnius
1127 2953 1191 3020 Gn.
1215 2956 1236 3019 f.
1259 2954 1346 3035 Piso,

301 3093 398 3158 quem
419 3081 492 3158 post
506 3069 718 3136 Parthenium
741 3081 773 3135 et
795 3070 935 3137 Statium
950 3071 1089 3158 Vulpius
1111 3081 1144 3136 et
1165 3071 1348 3159 nuperrime
1470 3127 1471 3150 ,

300 3187 454 3252 Munlrius
476 3187 565 3270 (hist.
585 3187 645 3252 litt
661 3187 732 3254 Lat.
748 3210 767 3252 ιι
786 3187 860 3268 183)
883 3187 1101 3274 significatum
1124 3209 1193 3254 esse
1208 3199 1347 3270 censent,

300 3313 452 3393 quaestor
487 3325 545 3391 pro
581 3314 729 3390 praetore
761 3302 941 3390 Hispaniae
974 3305 1130 3370 citerioris
1164 3306 1228 3370 iam
1264 3327 1348 3370 anno

300 3419 417 3496 689165
444 3421 477 3484 in
502 3419 668 3507 prouincia
695 3443 753 3485 sua
784 3421 909 3484 occisus
940 3432 988 3484 est
1011 3421 1066 3502 (of.
1090 3421 1233 3488 Sallustii
1256 3419 1349 3487 Catil.

302 3537 341 3600 19
363 3537 554 3602 Mommseni
584 3537 693 3602 histor.
723 3537 859 3602 Roman.
884 3561 913 3600 ιιι
938 3538 997 3602 168
1041 3537 1223 3602 Drumanni
1245 3537 1311 3602 HR
1332 3561 1349 3600 ιι

302 3653 367 3736 89).
411 3655 488 3740 quin
512 3653 552 3718 de
566 3653 605 3718 L.
622 3655 738 3720 Pisone
753 3653 865 3740 Frugi,
888 3656 942 3742 qui
965 3655 1052 3718 eirea
1073 3676 1191 3720 annum
1214 3653 1351 3729 6421112
1468 3655 1470 3666 “

301 3779 432 3856 praetor
462 3769 494 3834 in
523 3769 684 3856 Hispania
711 3772 774 3836 fuit
796 3772 850 3853 (cf.
872 3771 1054 3836 Drumanni
1078 3771 1145 3836 HR
1166 3795 1185 3833 ιι
1208 3771 1263 3852 83,
1284 3771 1350 3856 26),

302 3885 501 3970 Doaringius
523 3897 556 3951 et
576 3888 748 3952 Haakhius
773 3889 819 3970 (in
836 3887 1106 3974 encyclopaediae
1120 3888 1298 3981 Paulianae
1319 3908 1350 3952 vr
