<?xml version="1.0" encoding="UTF-8"?>
<!DOCTYPE html PUBLIC "-//W3C//DTD XHTML 1.0 Transitional//EN"
    "http://www.w3.org/TR/xhtml1/DTD/xhtml1-transitional.dtd">
<html xmlns="http://www.w3.org/1999/xhtml" xml:lang="en" lang="en">
 <head>
  <title>
</title>
<meta http-equiv="Content-Type" content="text/html;charset=utf-8" />
  <meta name='ocr-system' content='tesseract 3.04.00' />
  <meta name='ocr-capabilities' content='ocr_page ocr_carea ocr_par ocr_line ocrx_word'/>
</head>
<body>
  <div class='ocr_page' id='page_1' title='image "./gvalericatvllil00schwgoog_0105.png"; bbox 0 0 2954 4492; ppageno 0'>
   <div class='ocr_carea' id='block_1_1' title="bbox 248 325 1129 389">
    <p class='ocr_par' dir='ltr' id='par_1_1' title="bbox 248 325 1129 389">
     <span class='ocr_line' id='line_1_1' title="bbox 248 325 1129 389; baseline -0.008 0"><span class='ocrx_word' id='word_1_1' title='bbox 248 337 282 389; x_wconf 67' lang='lat'><strong>92</strong></span> <span class='ocrx_word' id='word_1_2' title='bbox 534 335 559 387; x_wconf 80' lang='lat' dir='ltr'><strong>V</strong></span> <span class='ocrx_word' id='word_1_3' title='bbox 592 333 641 386; x_wconf 77' lang='lat' dir='ltr'><strong>DE</strong></span> <span class='ocrx_word' id='word_1_4' title='bbox 659 333 839 388; x_wconf 67' lang='lat' dir='ltr'><strong>inomaus</strong></span> <span class='ocrx_word' id='word_1_5' title='bbox 857 331 1012 387; x_wconf 74' lang='lat' dir='ltr'><strong>usurum</strong></span> <span class='ocrx_word' id='word_1_6' title='bbox 1128 325 1129 328; x_wconf 62' lang='grc'>’</span> 
     </span>
    </p>
   </div>
   <div class='ocr_carea' id='block_1_2' title="bbox 246 495 1298 1521">
    <p class='ocr_par' dir='ltr' id='par_1_2' title="bbox 246 495 1298 1521">
     <span class='ocr_line' id='line_1_2' title="bbox 247 495 1296 590; baseline -0.001 -23"><span class='ocrx_word' id='word_1_7' title='bbox 247 511 357 568; x_wconf 86' lang='lat' dir='ltr'><strong>tamen</strong></span> <span class='ocrx_word' id='word_1_8' title='bbox 388 500 539 590; x_wconf 81' lang='lat' dir='ltr'><strong>equidem</strong></span> <span class='ocrx_word' id='word_1_9' title='bbox 567 502 608 569; x_wconf 89' lang='lat' dir='ltr'><strong>ab</strong></span> <span class='ocrx_word' id='word_1_10' title='bbox 642 502 707 568; x_wconf 85' lang='lat' dir='ltr'><strong>ullo</strong></span> <span class='ocrx_word' id='word_1_11' title='bbox 728 499 870 567; x_wconf 84' lang='lat' dir='ltr'><strong>libidinis</strong></span> <span class='ocrx_word' id='word_1_12' title='bbox 892 519 1013 587; x_wconf 86' lang='lat' dir='ltr'><strong>genere</strong></span> <span class='ocrx_word' id='word_1_13' title='bbox 1045 495 1193 566; x_wconf 78' lang='lat' dir='ltr'><strong>Clodium</strong></span> <span class='ocrx_word' id='word_1_14' title='bbox 1226 499 1296 566; x_wconf 75' lang='lat' dir='ltr'><strong>abs</strong></span> 
     </span>
     <span class='ocr_line' id='line_1_3' title="bbox 248 613 1297 703; baseline -0.002 -19"><span class='ocrx_word' id='word_1_15' title='bbox 248 615 383 684; x_wconf 69' lang='lat' dir='ltr'><strong>finuism</strong></span> <span class='ocrx_word' id='word_1_16' title='bbox 413 630 445 683; x_wconf 83' lang='lat' dir='ltr'><strong>et</strong></span> <span class='ocrx_word' id='word_1_17' title='bbox 473 639 514 684; x_wconf 89' lang='lat' dir='ltr'><strong>ex</strong></span> <span class='ocrx_word' id='word_1_18' title='bbox 544 616 711 686; x_wconf 78' lang='lat' dir='ltr'>Ciceronis</span> <span class='ocrx_word' id='word_1_19' title='bbox 742 616 910 685; x_wconf 68' lang='lat' dir='ltr'><strong>reticentia</strong></span> <span class='ocrx_word' id='word_1_20' title='bbox 937 616 979 682; x_wconf 87' lang='lat' dir='ltr'><strong>de</strong></span> <span class='ocrx_word' id='word_1_21' title='bbox 999 613 1130 682; x_wconf 82' lang='lat' dir='ltr'><strong>fallundi</strong></span> <span class='ocrx_word' id='word_1_22' title='bbox 1150 613 1297 703; x_wconf 77' lang='lat' dir='ltr'><strong>nequitia</strong></span> 
     </span>
     <span class='ocr_line' id='line_1_4' title="bbox 248 730 1298 824; baseline -0.002 -24"><span class='ocrx_word' id='word_1_23' title='bbox 248 732 421 823; x_wconf 85' lang='lat' dir='ltr'><strong>quicquam</strong></span> <span class='ocrx_word' id='word_1_24' title='bbox 449 735 578 802; x_wconf 87' lang='lat' dir='ltr'><strong>decerni</strong></span> <span class='ocrx_word' id='word_1_25' title='bbox 598 757 694 824; x_wconf 87' lang='lat' dir='ltr'><strong>posse</strong></span> <span class='ocrx_word' id='word_1_26' title='bbox 715 757 811 822; x_wconf 86' lang='lat' dir='ltr'><strong>nego.</strong></span> <span class='ocrx_word' id='word_1_27' title='bbox 853 745 1022 822; x_wconf 87' lang='lat' dir='ltr'><strong>praeterea</strong></span> <span class='ocrx_word' id='word_1_28' title='bbox 1042 741 1078 798; x_wconf 88' lang='lat' dir='ltr'><strong>ut</strong></span> <span class='ocrx_word' id='word_1_29' title='bbox 1099 730 1203 821; x_wconf 86' lang='lat' dir='ltr'><strong>Lipsii</strong></span> <span class='ocrx_word' id='word_1_30' title='bbox 1226 753 1298 798; x_wconf 88' lang='lat' dir='ltr'><strong>sen·</strong></span> 
     </span>
     <span class='ocr_line' id='line_1_5' title="bbox 247 848 1297 940; baseline -0.001 -25"><span class='ocrx_word' id='word_1_31' title='bbox 247 851 350 916; x_wconf 87' lang='lat' dir='ltr'><strong>tentia</strong></span> <span class='ocrx_word' id='word_1_32' title='bbox 368 851 584 940; x_wconf 72' lang='lat' dir='ltr'><strong>redarguatur</strong></span> <span class='ocrx_word' id='word_1_33' title='bbox 605 851 730 917; x_wconf 85' lang='lat' dir='ltr'><strong>accedit</strong></span> <span class='ocrx_word' id='word_1_34' title='bbox 751 849 838 939; x_wconf 92' lang='lat' dir='ltr'><strong>quod</strong></span> <span class='ocrx_word' id='word_1_35' title='bbox 852 849 1001 918; x_wconf 87' lang='lat' dir='ltr'><strong>Muretus</strong></span> <span class='ocrx_word' id='word_1_36' title='bbox 1022 849 1103 916; x_wconf 89' lang='lat' dir='ltr'><strong>bene</strong></span> <span class='ocrx_word' id='word_1_37' title='bbox 1124 848 1297 933; x_wconf 80' lang='lat' dir='ltr'><strong>intellexit,</strong></span> 
     </span>
     <span class='ocr_line' id='line_1_6' title="bbox 248 964 1297 1054; baseline -0.004 -18"><span class='ocrx_word' id='word_1_38' title='bbox 248 965 431 1050; x_wconf 80' lang='lat' dir='ltr'><strong>Catullum,</strong></span> <span class='ocrx_word' id='word_1_39' title='bbox 463 989 535 1033; x_wconf 90' lang='lat' dir='ltr'><strong>cum</strong></span> <span class='ocrx_word' id='word_1_40' title='bbox 557 966 712 1034; x_wconf 84' lang='lat' dir='ltr'><strong>Lesbium</strong></span> <span class='ocrx_word' id='word_1_41' title='bbox 742 968 889 1054; x_wconf 90' lang='lat' dir='ltr'><strong>pulcrum</strong></span> <span class='ocrx_word' id='word_1_42' title='bbox 910 965 1052 1043; x_wconf 87' lang='lat' dir='ltr'><strong>diceret,</strong></span> <span class='ocrx_word' id='word_1_43' title='bbox 1083 964 1297 1052; x_wconf 83' lang='lat' dir='ltr'><strong>ambiguitate</strong></span> 
     </span>
     <span class='ocr_line' id='line_1_7' title="bbox 247 1080 1295 1170; baseline -0.001 -20"><span class='ocrx_word' id='word_1_44' title='bbox 247 1081 388 1170; x_wconf 82' lang='lat' dir='ltr'><strong>quadarn</strong></span> <span class='ocrx_word' id='word_1_45' title='bbox 420 1105 512 1150; x_wconf 89' lang='lat' dir='ltr'><strong>nsum</strong></span> <span class='ocrx_word' id='word_1_46' title='bbox 542 1082 585 1149; x_wconf 84' lang='lat' dir='ltr'><strong>ad</strong></span> <span class='ocrx_word' id='word_1_47' title='bbox 611 1083 719 1150; x_wconf 91' lang='lat' dir='ltr'><strong>Pulcri</strong></span> <span class='ocrx_word' id='word_1_48' title='bbox 754 1104 934 1170; x_wconf 81' lang='lat' dir='ltr'><strong>cognomen</strong></span> <span class='ocrx_word' id='word_1_49' title='bbox 962 1080 1071 1150; x_wconf 87' lang='lat' dir='ltr'><strong>Olodii</strong></span> <span class='ocrx_word' id='word_1_50' title='bbox 1103 1082 1295 1170; x_wconf 78' lang='lat' dir='ltr'><strong>respexisse.</strong></span> 
     </span>
     <span class='ocr_line' id='line_1_8' title="bbox 248 1200 1297 1290; baseline 0 -24"><span class='ocrx_word' id='word_1_51' title='bbox 248 1200 335 1288; x_wconf 87' lang='lat' dir='ltr'><strong>qood</strong></span> <span class='ocrx_word' id='word_1_52' title='bbox 359 1200 386 1267; x_wconf 90' lang='lat' dir='ltr'><strong>si</strong></span> <span class='ocrx_word' id='word_1_53' title='bbox 407 1221 520 1268; x_wconf 86' lang='lat' dir='ltr'><strong>uerum</strong></span> <span class='ocrx_word' id='word_1_54' title='bbox 542 1209 607 1285; x_wconf 85' lang='lat' dir='ltr'><strong>est,</strong></span> <span class='ocrx_word' id='word_1_55' title='bbox 630 1211 662 1267; x_wconf 83' lang='lat' dir='ltr'><strong>et</strong></span> <span class='ocrx_word' id='word_1_56' title='bbox 682 1201 828 1290; x_wconf 83' lang='lat' dir='ltr'><strong>proiecto</strong></span> <span class='ocrx_word' id='word_1_57' title='bbox 851 1201 958 1268; x_wconf 86' lang='lat' dir='ltr'><strong>omnia</strong></span> <span class='ocrx_word' id='word_1_58' title='bbox 979 1221 1093 1267; x_wconf 89' lang='lat' dir='ltr'><strong>uerum</strong></span> <span class='ocrx_word' id='word_1_59' title='bbox 1114 1223 1185 1266; x_wconf 90' lang='lat' dir='ltr'><strong>esse</strong></span> <span class='ocrx_word' id='word_1_60' title='bbox 1205 1200 1297 1289; x_wconf 87' lang='lat' dir='ltr'><strong>flagi·</strong></span> 
     </span>
     <span class='ocr_line' id='line_1_9' title="bbox 246 1313 1297 1400; baseline -0.001 -17"><span class='ocrx_word' id='word_1_61' title='bbox 246 1325 328 1400; x_wconf 81' lang='lat' dir='ltr'><strong>tant,</strong></span> <span class='ocrx_word' id='word_1_62' title='bbox 351 1315 427 1384; x_wconf 82' lang='lat' dir='ltr'><strong>Sex.</strong></span> <span class='ocrx_word' id='word_1_63' title='bbox 445 1313 594 1384; x_wconf 81' lang='lat' dir='ltr'><strong>Clodium</strong></span> <span class='ocrx_word' id='word_1_64' title='bbox 607 1317 668 1384; x_wconf 88' lang='lat' dir='ltr'><strong>hoc</strong></span> <span class='ocrx_word' id='word_1_65' title='bbox 683 1319 825 1383; x_wconf 85' lang='lat' dir='ltr'><strong>carmine</strong></span> <span class='ocrx_word' id='word_1_66' title='bbox 845 1319 1047 1385; x_wconf 84' lang='lat' dir='ltr'><strong>nominatum</strong></span> <span class='ocrx_word' id='word_1_67' title='bbox 1062 1337 1134 1383; x_wconf 88' lang='lat' dir='ltr'><strong>esse</strong></span> <span class='ocrx_word' id='word_1_68' title='bbox 1147 1326 1297 1383; x_wconf 87' lang='lat' dir='ltr'><strong>uetamnr</strong></span> 
     </span>
     <span class='ocr_line' id='line_1_10' title="bbox 246 1430 1296 1521; baseline 0 -21"><span class='ocrx_word' id='word_1_69' title='bbox 246 1431 410 1500; x_wconf 85' lang='lat' dir='ltr'><strong>arbitrari.</strong></span> <span class='ocrx_word' id='word_1_70' title='bbox 453 1430 571 1498; x_wconf 88' lang='lat' dir='ltr'><strong>etenim</strong></span> <span class='ocrx_word' id='word_1_71' title='bbox 597 1444 634 1500; x_wconf 88' lang='lat' dir='ltr'><strong>ut</strong></span> <span class='ocrx_word' id='word_1_72' title='bbox 657 1433 803 1500; x_wconf 76' lang='lat' dir='ltr'><strong>omittam</strong></span> <span class='ocrx_word' id='word_1_73' title='bbox 827 1432 1036 1516; x_wconf 75' lang='lat' dir='ltr'><strong>Ciceronem,</strong></span> <span class='ocrx_word' id='word_1_74' title='bbox 1071 1433 1296 1521; x_wconf 88' lang='lat' dir='ltr'><strong>quotienscum</strong></span> 
     </span>
    </p>
   </div>
   <div class='ocr_carea' id='block_1_3' title="bbox 247 1547 1314 1638">
    <p class='ocr_par' dir='ltr' id='par_1_3' title="bbox 247 1547 1314 1638">
     <span class='ocr_line' id='line_1_11' title="bbox 247 1547 1314 1638; baseline 0 -23"><span class='ocrx_word' id='word_1_75' title='bbox 247 1571 311 1638; x_wconf 88' lang='lat' dir='ltr'><strong>qne</strong></span> <span class='ocrx_word' id='word_1_76' title='bbox 337 1548 422 1616; x_wconf 90' lang='lat' dir='ltr'><strong>illius</strong></span> <span class='ocrx_word' id='word_1_77' title='bbox 450 1549 646 1615; x_wconf 85' lang='lat' dir='ltr'><strong>mentionem</strong></span> <span class='ocrx_word' id='word_1_78' title='bbox 671 1548 757 1631; x_wconf 86' lang='lat' dir='ltr'><strong>fecit,</strong></span> <span class='ocrx_word' id='word_1_79' title='bbox 787 1547 817 1614; x_wconf 88' lang='lat' dir='ltr'><strong>ei</strong></span> <span class='ocrx_word' id='word_1_80' title='bbox 841 1570 1019 1637; x_wconf 87' lang='lat' dir='ltr'><strong>numquam</strong></span> <span class='ocrx_word' id='word_1_81' title='bbox 1044 1547 1153 1614; x_wconf 88' lang='lat' dir='ltr'><strong>Pulcri</strong></span> <span class='ocrx_word' id='word_1_82' title='bbox 1174 1571 1314 1636; x_wconf 86' lang='lat' dir='ltr'><strong>nomen</strong></span> 
     </span>
    </p>
   </div>
   <div class='ocr_carea' id='block_1_4' title="bbox 240 1662 1297 3978">
    <p class='ocr_par' dir='ltr' id='par_1_4' title="bbox 240 1662 1297 3978">
     <span class='ocr_line' id='line_1_12' title="bbox 245 1662 1295 1754; baseline 0 -22"><span class='ocrx_word' id='word_1_83' title='bbox 245 1665 417 1749; x_wconf 85' lang='lat' dir='ltr'><strong>indidisse,</strong></span> <span class='ocrx_word' id='word_1_84' title='bbox 449 1663 526 1733; x_wconf 73' lang='lat' dir='ltr'><strong>Sem</strong></span> <span class='ocrx_word' id='word_1_85' title='bbox 555 1664 708 1748; x_wconf 73' lang='lat' dir='ltr'><strong>Clodius,</strong></span> <span class='ocrx_word' id='word_1_86' title='bbox 743 1662 798 1754; x_wconf 89' lang='lat' dir='ltr'><strong>qui</strong></span> <span class='ocrx_word' id='word_1_87' title='bbox 820 1665 910 1732; x_wconf 88' lang='lat' dir='ltr'><strong>nulla</strong></span> <span class='ocrx_word' id='word_1_88' title='bbox 940 1665 1179 1753; x_wconf 84' lang='lat' dir='ltr'><strong>propinquitate</strong></span> <span class='ocrx_word' id='word_1_89' title='bbox 1202 1667 1295 1754; x_wconf 87' lang='lat' dir='ltr'><strong>genti</strong></span> 
     </span>
     <span class='ocr_line' id='line_1_13' title="bbox 246 1780 1295 1871; baseline -0.002 -21"><span class='ocrx_word' id='word_1_90' title='bbox 246 1781 383 1850; x_wconf 73' lang='lat' dir='ltr'><strong>Clodiae</strong></span> <span class='ocrx_word' id='word_1_91' title='bbox 409 1781 599 1849; x_wconf 84' lang='lat' dir='ltr'><strong>coniunctus</strong></span> <span class='ocrx_word' id='word_1_92' title='bbox 628 1780 670 1846; x_wconf 88' lang='lat' dir='ltr'><strong>ab</strong></span> <span class='ocrx_word' id='word_1_93' title='bbox 698 1781 827 1848; x_wconf 90' lang='lat' dir='ltr'><strong>homine</strong></span> <span class='ocrx_word' id='word_1_94' title='bbox 856 1782 934 1848; x_wconf 89' lang='lat' dir='ltr'><strong>olim</strong></span> <span class='ocrx_word' id='word_1_95' title='bbox 962 1805 983 1847; x_wconf 96' lang='lat' dir='ltr'><strong>a</strong></span> <span class='ocrx_word' id='word_1_96' title='bbox 1008 1780 1123 1850; x_wconf 81' lang='lat' dir='ltr'><strong>Clodio</strong></span> <span class='ocrx_word' id='word_1_97' title='bbox 1151 1780 1295 1871; x_wconf 86' lang='lat' dir='ltr'><strong>quodam</strong></span> 
     </span>
     <span class='ocr_line' id='line_1_14' title="bbox 244 1897 1295 1986; baseline 0 -20"><span class='ocrx_word' id='word_1_98' title='bbox 244 1921 341 1966; x_wconf 88' lang='lat' dir='ltr'><strong>mann</strong></span> <span class='ocrx_word' id='word_1_99' title='bbox 363 1899 461 1966; x_wconf 89' lang='lat' dir='ltr'><strong>misso</strong></span> <span class='ocrx_word' id='word_1_100' title='bbox 483 1899 642 1986; x_wconf 79' lang='lat' dir='ltr'><strong>originem</strong></span> <span class='ocrx_word' id='word_1_101' title='bbox 663 1899 794 1966; x_wconf 85' lang='lat' dir='ltr'><strong>duxisse</strong></span> <span class='ocrx_word' id='word_1_102' title='bbox 815 1899 944 1965; x_wconf 84' lang='lat' dir='ltr'><strong>uidetur</strong></span> <span class='ocrx_word' id='word_1_103' title='bbox 958 1897 1014 1982; x_wconf 84' lang='lat' dir='ltr'><strong>(cf.</strong></span> <span class='ocrx_word' id='word_1_104' title='bbox 1029 1899 1212 1965; x_wconf 87' lang='lat' dir='ltr'><strong>Drumanni</strong></span> <span class='ocrx_word' id='word_1_105' title='bbox 1226 1899 1295 1966; x_wconf 88' lang='lat' dir='ltr'><strong>HR</strong></span> 
     </span>
     <span class='ocr_line' id='line_1_15' title="bbox 244 2014 1294 2105; baseline 0.003 -24"><span class='ocrx_word' id='word_1_106' title='bbox 244 2014 365 2099; x_wconf 79' lang='lat'><strong>11386),</strong></span> <span class='ocrx_word' id='word_1_107' title='bbox 387 2017 445 2082; x_wconf 84' lang='lat' dir='ltr'><strong>uix</strong></span> <span class='ocrx_word' id='word_1_108' title='bbox 466 2025 499 2081; x_wconf 87' lang='lat' dir='ltr'><strong>at</strong></span> <span class='ocrx_word' id='word_1_109' title='bbox 519 2037 560 2082; x_wconf 92' lang='lat' dir='ltr'><strong>ne</strong></span> <span class='ocrx_word' id='word_1_110' title='bbox 581 2015 638 2082; x_wconf 84' lang='lat' dir='ltr'><strong>uix</strong></span> <span class='ocrx_word' id='word_1_111' title='bbox 660 2015 791 2105; x_wconf 89' lang='lat' dir='ltr'><strong>quidem</strong></span> <span class='ocrx_word' id='word_1_112' title='bbox 806 2015 915 2082; x_wconf 80' lang='lat' dir='ltr'><strong>Pelori</strong></span> <span class='ocrx_word' id='word_1_113' title='bbox 938 2037 1119 2102; x_wconf 89' lang='lat' dir='ltr'><strong>cognomen</strong></span> <span class='ocrx_word' id='word_1_114' title='bbox 1140 2016 1294 2084; x_wconf 85' lang='lat' dir='ltr'><strong>habuisse</strong></span> 
     </span>
     <span class='ocr_line' id='line_1_16' title="bbox 242 2131 1295 2222; baseline 0.001 -24"><span class='ocrx_word' id='word_1_115' title='bbox 242 2140 360 2221; x_wconf 87' lang='lat' dir='ltr'><strong>potest.</strong></span> <span class='ocrx_word' id='word_1_116' title='bbox 406 2133 482 2222; x_wconf 90' lang='lat' dir='ltr'><strong>quid</strong></span> <span class='ocrx_word' id='word_1_117' title='bbox 506 2133 609 2221; x_wconf 89' lang='lat' dir='ltr'><strong>qnod,</strong></span> <span class='ocrx_word' id='word_1_118' title='bbox 643 2133 740 2200; x_wconf 89' lang='lat' dir='ltr'><strong>etiam</strong></span> <span class='ocrx_word' id='word_1_119' title='bbox 762 2132 788 2198; x_wconf 88' lang='lat' dir='ltr'><strong>si</strong></span> <span class='ocrx_word' id='word_1_120' title='bbox 810 2131 931 2200; x_wconf 86' lang='lat' dir='ltr'><strong>Mureti</strong></span> <span class='ocrx_word' id='word_1_121' title='bbox 960 2133 999 2198; x_wconf 88' lang='lat' dir='ltr'><strong>de</strong></span> <span class='ocrx_word' id='word_1_122' title='bbox 1020 2133 1175 2220; x_wconf 87' lang='lat' dir='ltr'><strong>ambiguo</strong></span> <span class='ocrx_word' id='word_1_123' title='bbox 1197 2155 1295 2200; x_wconf 87' lang='lat' dir='ltr'><strong>sensu</strong></span> 
     </span>
     <span class='ocr_line' id='line_1_17' title="bbox 244 2249 1296 2337; baseline 0.002 -21"><span class='ocrx_word' id='word_1_124' title='bbox 244 2249 394 2318; x_wconf 90' lang='lat' dir='ltr'><strong>uocabuli</strong></span> <span class='ocrx_word' id='word_1_125' title='bbox 409 2252 520 2337; x_wconf 78' lang='lat' dir='ltr'><strong>pulcer</strong></span> <span class='ocrx_word' id='word_1_126' title='bbox 541 2250 701 2317; x_wconf 85' lang='lat' dir='ltr'><strong>sententia</strong></span> <span class='ocrx_word' id='word_1_127' title='bbox 721 2251 790 2316; x_wconf 89' lang='lat' dir='ltr'><strong>neri</strong></span> <span class='ocrx_word' id='word_1_128' title='bbox 806 2249 967 2316; x_wconf 88' lang='lat' dir='ltr'><strong>simillima</strong></span> <span class='ocrx_word' id='word_1_129' title='bbox 986 2259 1164 2330; x_wconf 86' lang='lat' dir='ltr'><strong>recusatur,</strong></span> <span class='ocrx_word' id='word_1_130' title='bbox 1186 2259 1296 2318; x_wconf 87' lang='lat' dir='ltr'><strong>tamen</strong></span> 
     </span>
     <span class='ocr_line' id='line_1_18' title="bbox 243 2364 1296 2456; baseline -0.005 -19"><span class='ocrx_word' id='word_1_131' title='bbox 243 2367 283 2437; x_wconf 85' lang='lat' dir='ltr'><strong>de</strong></span> <span class='ocrx_word' id='word_1_132' title='bbox 304 2364 382 2434; x_wconf 75' lang='lat' dir='ltr'><strong>Sex.</strong></span> <span class='ocrx_word' id='word_1_133' title='bbox 403 2364 521 2434; x_wconf 78' lang='lat' dir='ltr'><strong>Clodio</strong></span> <span class='ocrx_word' id='word_1_134' title='bbox 554 2365 691 2454; x_wconf 85' lang='lat' dir='ltr'><strong>cogitari</strong></span> <span class='ocrx_word' id='word_1_135' title='bbox 711 2366 844 2456; x_wconf 86' lang='lat' dir='ltr'><strong>nequit,</strong></span> <span class='ocrx_word' id='word_1_136' title='bbox 876 2367 998 2455; x_wconf 89' lang='lat' dir='ltr'><strong>quippe</strong></span> <span class='ocrx_word' id='word_1_137' title='bbox 1030 2387 1127 2455; x_wconf 90' lang='lat' dir='ltr'><strong>quem</strong></span> <span class='ocrx_word' id='word_1_138' title='bbox 1157 2365 1296 2434; x_wconf 85' lang='lat' dir='ltr'><strong>sciamus</strong></span> 
     </span>
     <span class='ocr_line' id='line_1_19' title="bbox 243 2483 1294 2573; baseline 0 -21"><span class='ocrx_word' id='word_1_139' title='bbox 243 2506 310 2552; x_wconf 91' lang='lat' dir='ltr'><strong>non</strong></span> <span class='ocrx_word' id='word_1_140' title='bbox 342 2493 409 2550; x_wconf 84' lang='lat' dir='ltr'><strong>tam</strong></span> <span class='ocrx_word' id='word_1_141' title='bbox 437 2484 585 2571; x_wconf 86' lang='lat' dir='ltr'><strong>pulcram</strong></span> <span class='ocrx_word' id='word_1_142' title='bbox 613 2506 710 2573; x_wconf 89' lang='lat' dir='ltr'><strong>quam</strong></span> <span class='ocrx_word' id='word_1_143' title='bbox 742 2483 921 2551; x_wconf 86' lang='lat' dir='ltr'><strong>delormem</strong></span> <span class='ocrx_word' id='word_1_144' title='bbox 949 2483 1060 2552; x_wconf 86' lang='lat' dir='ltr'><strong>fuisse.</strong></span> <span class='ocrx_word' id='word_1_145' title='bbox 1105 2484 1146 2552; x_wconf 87' lang='lat' dir='ltr'><strong>cf.</strong></span> <span class='ocrx_word' id='word_1_146' title='bbox 1178 2483 1294 2552; x_wconf 77' lang='lat' dir='ltr'><strong>Cicero</strong></span> 
     </span>
     <span class='ocr_line' id='line_1_20' title="bbox 244 2599 1295 2688; baseline -0.001 -20"><span class='ocrx_word' id='word_1_147' title='bbox 244 2601 276 2668; x_wconf 93' lang='lat' dir='ltr'><strong>in</strong></span> <span class='ocrx_word' id='word_1_148' title='bbox 299 2600 452 2668; x_wconf 89' lang='lat' dir='ltr'><strong>Pisonem</strong></span> <span class='ocrx_word' id='word_1_149' title='bbox 472 2600 534 2665; x_wconf 90' lang='grc'><strong>48</strong></span> <span class='ocrx_word' id='word_1_150' title='bbox 560 2600 606 2666; x_wconf 75' lang='lat' dir='ltr'><strong>tu</strong></span> <span class='ocrx_word' id='word_1_151' title='bbox 628 2649 636 2666; x_wconf 91' lang='lat'><strong>.</strong></span> <span class='ocrx_word' id='word_1_152' title='bbox 660 2651 666 2666; x_wconf 88' lang='lat'><strong>.</strong></span> <span class='ocrx_word' id='word_1_153' title='bbox 689 2649 696 2665; x_wconf 90' lang='lat'>.</span> <span class='ocrx_word' id='word_1_154' title='bbox 719 2600 826 2686; x_wconf 82' lang='lat' dir='ltr'><strong>(Ps&#39;ro)</strong></span> <span class='ocrx_word' id='word_1_155' title='bbox 849 2599 919 2666; x_wconf 75' lang='lat' dir='ltr'><strong>Sar.</strong></span> <span class='ocrx_word' id='word_1_156' title='bbox 944 2599 1098 2686; x_wconf 73' lang='lat' dir='ltr'><strong>Gladium,</strong></span> <span class='ocrx_word' id='word_1_157' title='bbox 1130 2605 1186 2688; x_wconf 78' lang='lat' dir='ltr'><strong>pai</strong></span> <span class='ocrx_word' id='word_1_158' title='bbox 1204 2625 1295 2667; x_wconf 83' lang='lat' dir='ltr'><strong>aum-</strong></span> 
     </span>
     <span class='ocr_line' id='line_1_21' title="bbox 244 2716 1296 2805; baseline 0.003 -23"><span class='ocrx_word' id='word_1_159' title='bbox 244 2741 339 2805; x_wconf 81' lang='lat' dir='ltr'><strong>qnnm</strong></span> <span class='ocrx_word' id='word_1_160' title='bbox 353 2727 443 2782; x_wconf 71' lang='lat' dir='ltr'><strong>namo</strong></span> <span class='ocrx_word' id='word_1_161' title='bbox 450 2729 662 2802; x_wconf 57' lang='lat' dir='ltr'><strong>menecrates</strong></span> <span class='ocrx_word' id='word_1_162' title='bbox 668 2716 796 2804; x_wconf 69' lang='lat' dir='ltr'><strong>ficisset,</strong></span> <span class='ocrx_word' id='word_1_163' title='bbox 811 2717 896 2784; x_wconf 75' lang='lat' dir='ltr'><strong>hedos</strong></span> <span class='ocrx_word' id='word_1_164' title='bbox 903 2717 1021 2805; x_wconf 81' lang='lat' dir='ltr'><strong>facere</strong></span> <span class='ocrx_word' id='word_1_165' title='bbox 1034 2731 1061 2784; x_wconf 82' lang='lat' dir='ltr'><strong>et</strong></span> <span class='ocrx_word' id='word_1_166' title='bbox 1073 2729 1296 2804; x_wconf 60' lang='lat' dir='ltr'><strong>prostrantes</strong></span> 
     </span>
     <span class='ocr_line' id='line_1_22' title="bbox 243 2833 1297 2919; baseline 0.002 -19"><span class='ocrx_word' id='word_1_167' title='bbox 243 2835 377 2900; x_wconf 78' lang='lat' dir='ltr'><strong>uolitare</strong></span> <span class='ocrx_word' id='word_1_168' title='bbox 393 2855 507 2919; x_wconf 80' lang='lat' dir='ltr'><strong>possus</strong></span> <span class='ocrx_word' id='word_1_169' title='bbox 527 2857 566 2912; x_wconf 80' lang='lat' dir='ltr'><strong>er,</strong></span> <span class='ocrx_word' id='word_1_170' title='bbox 588 2833 737 2900; x_wconf 76' lang='lat' dir='ltr'><strong>homiaem</strong></span> <span class='ocrx_word' id='word_1_171' title='bbox 758 2840 900 2919; x_wconf 67' lang='lat' dir='ltr'><strong>inpurum</strong></span> <span class='ocrx_word' id='word_1_172' title='bbox 921 2857 961 2901; x_wconf 85' lang='lat' dir='ltr'><strong>oc</strong></span> <span class='ocrx_word' id='word_1_173' title='bbox 980 2857 1039 2902; x_wconf 81' lang='lat' dir='ltr'><strong>noa</strong></span> <span class='ocrx_word' id='word_1_174' title='bbox 1058 2833 1149 2900; x_wconf 79' lang='lat' dir='ltr'><strong>modo</strong></span> <span class='ocrx_word' id='word_1_175' title='bbox 1175 2834 1297 2918; x_wconf 78' lang='lat' dir='ltr'><strong>forie</strong></span> 
     </span>
     <span class='ocr_line' id='line_1_23' title="bbox 244 2949 1295 3038; baseline 0.002 -22"><span class='ocrx_word' id='word_1_176' title='bbox 244 2954 298 3018; x_wconf 83' lang='lat' dir='ltr'><strong>ssd</strong></span> <span class='ocrx_word' id='word_1_177' title='bbox 317 2952 409 3018; x_wconf 66' lang='lat' dir='ltr'><strong>enm</strong></span> <span class='ocrx_word' id='word_1_178' title='bbox 429 2950 538 3016; x_wconf 82' lang='lat' dir='ltr'><strong>oculo</strong></span> <span class='ocrx_word' id='word_1_179' title='bbox 558 2963 624 3016; x_wconf 83' lang='lat' dir='ltr'><strong>tao</strong></span> <span class='ocrx_word' id='word_1_180' title='bbox 645 2950 875 3038; x_wconf 70' lang='lat' dir='ltr'><strong>dignissimum.</strong></span> <span class='ocrx_word' id='word_1_181' title='bbox 917 2951 1067 3017; x_wconf 89' lang='lat' dir='ltr'><strong>Pisonem</strong></span> <span class='ocrx_word' id='word_1_182' title='bbox 1089 2971 1168 3020; x_wconf 88' lang='lat' dir='ltr'><strong>uero</strong></span> <span class='ocrx_word' id='word_1_183' title='bbox 1190 2949 1295 3019; x_wconf 81' lang='lat' dir='ltr'><strong>defor-</strong></span> 
     </span>
     <span class='ocr_line' id='line_1_24' title="bbox 243 3065 1294 3156; baseline -0.002 -21"><span class='ocrx_word' id='word_1_184' title='bbox 243 3068 419 3135; x_wconf 89' lang='lat' dir='ltr'><strong>missimum</strong></span> <span class='ocrx_word' id='word_1_185' title='bbox 453 3067 553 3134; x_wconf 84' lang='lat' dir='ltr'><strong>suisse</strong></span> <span class='ocrx_word' id='word_1_186' title='bbox 589 3089 631 3133; x_wconf 85' lang='lat' dir='ltr'><strong>ex</strong></span> <span class='ocrx_word' id='word_1_187' title='bbox 667 3065 833 3136; x_wconf 76' lang='lat' dir='ltr'><strong>Ciceronis</strong></span> <span class='ocrx_word' id='word_1_188' title='bbox 865 3067 946 3134; x_wconf 87' lang='lat' dir='ltr'><strong>locis</strong></span> <span class='ocrx_word' id='word_1_189' title='bbox 976 3067 1122 3156; x_wconf 85' lang='lat' dir='ltr'><strong>plurimis</strong></span> <span class='ocrx_word' id='word_1_190' title='bbox 1156 3077 1294 3135; x_wconf 85' lang='lat' dir='ltr'><strong>constat.</strong></span> 
     </span>
     <span class='ocr_line' id='line_1_25' title="bbox 242 3184 1293 3274; baseline 0 -22"><span class='ocrx_word' id='word_1_191' title='bbox 242 3185 280 3252; x_wconf 72' lang='lat' dir='ltr'><strong>ci</strong></span> <span class='ocrx_word' id='word_1_192' title='bbox 303 3185 337 3252; x_wconf 88' lang='lat' dir='ltr'><strong>in</strong></span> <span class='ocrx_word' id='word_1_193' title='bbox 357 3185 509 3253; x_wconf 88' lang='lat' dir='ltr'><strong>Pisonem</strong></span> <span class='ocrx_word' id='word_1_194' title='bbox 532 3192 544 3250; x_wconf 94' lang='lat' dir='ltr'><strong>l</strong></span> <span class='ocrx_word' id='word_1_195' title='bbox 571 3188 587 3251; x_wconf 96' lang='lat' dir='ltr'><strong>l</strong></span> <span class='ocrx_word' id='word_1_196' title='bbox 610 3209 695 3252; x_wconf 82' lang='lat' dir='ltr'><strong>nemo</strong></span> <span class='ocrx_word' id='word_1_197' title='bbox 723 3188 863 3273; x_wconf 80' lang='lat' dir='ltr'><strong>queritur</strong></span> <span class='ocrx_word' id='word_1_198' title='bbox 885 3184 1000 3274; x_wconf 58' lang='lat' dir='ltr'><strong>Qum</strong></span> <span class='ocrx_word' id='word_1_199' title='bbox 1020 3190 1122 3253; x_wconf 63' lang='lat' dir='ltr'><strong>mrem</strong></span> <span class='ocrx_word' id='word_1_200' title='bbox 1143 3207 1234 3274; x_wconf 82' lang='lat' dir='ltr'><strong>qaam</strong></span> <span class='ocrx_word' id='word_1_201' title='bbox 1255 3187 1293 3252; x_wconf 81' lang='lat' dir='ltr'><strong>da</strong></span> 
     </span>
     <span class='ocr_line' id='line_1_26' title="bbox 240 3303 1295 3393; baseline -0.002 -23"><span class='ocrx_word' id='word_1_202' title='bbox 240 3327 337 3393; x_wconf 74' lang='lat' dir='ltr'><strong>prope</strong></span> <span class='ocrx_word' id='word_1_203' title='bbox 357 3304 538 3372; x_wconf 64' lang='lat' dir='ltr'><strong>masam</strong></span> <span class='ocrx_word' id='word_1_204' title='bbox 551 3303 666 3386; x_wconf 74' lang='lat' dir='ltr'><strong>fastum</strong></span> <span class='ocrx_word' id='word_1_205' title='bbox 686 3325 748 3369; x_wconf 80' lang='lat' dir='ltr'><strong>asse</strong></span> <span class='ocrx_word' id='word_1_206' title='bbox 769 3303 930 3370; x_wconf 73' lang='lat' dir='ltr'><strong>eoamlem.</strong></span> <span class='ocrx_word' id='word_1_207' title='bbox 973 3327 1031 3370; x_wconf 82' lang='lat' dir='ltr'><strong>aaa</strong></span> <span class='ocrx_word' id='word_1_208' title='bbox 1049 3305 1131 3370; x_wconf 75' lang='lat' dir='ltr'><strong>enim</strong></span> <span class='ocrx_word' id='word_1_209' title='bbox 1145 3327 1201 3369; x_wconf 81' lang='lat' dir='ltr'><strong>cor</strong></span> <span class='ocrx_word' id='word_1_210' title='bbox 1214 3305 1295 3370; x_wconf 81' lang='lat' dir='ltr'><strong>color</strong></span> 
     </span>
     <span class='ocr_line' id='line_1_27' title="bbox 243 3419 1293 3508; baseline 0 -22"><span class='ocrx_word' id='word_1_211' title='bbox 243 3424 300 3486; x_wconf 82' lang='lat' dir='ltr'><strong>iste</strong></span> <span class='ocrx_word' id='word_1_212' title='bbox 312 3421 437 3488; x_wconf 74' lang='lat' dir='ltr'><strong>sensilis</strong></span> <span class='ocrx_word' id='word_1_213' title='bbox 450 3445 509 3488; x_wconf 82' lang='lat' dir='ltr'><strong>non</strong></span> <span class='ocrx_word' id='word_1_214' title='bbox 520 3421 642 3506; x_wconf 78' lang='lat' dir='ltr'><strong>pilosae</strong></span> <span class='ocrx_word' id='word_1_215' title='bbox 654 3442 754 3508; x_wconf 80' lang='lat' dir='ltr'><strong>paene</strong></span> <span class='ocrx_word' id='word_1_216' title='bbox 770 3443 831 3486; x_wconf 79' lang='lat' dir='ltr'><strong>noa</strong></span> <span class='ocrx_word' id='word_1_217' title='bbox 845 3419 950 3486; x_wconf 73' lang='lat' dir='ltr'><strong>denes</strong></span> <span class='ocrx_word' id='word_1_218' title='bbox 967 3422 1081 3506; x_wconf 63' lang='lat' dir='ltr'><strong>parum</strong></span> <span class='ocrx_word' id='word_1_219' title='bbox 1099 3419 1293 3506; x_wconf 77' lang='lat' dir='ltr'><strong>deceperunt.</strong></span> 
     </span>
     <span class='ocr_line' id='line_1_28' title="bbox 244 3535 1292 3623; baseline 0.001 -21"><span class='ocrx_word' id='word_1_220' title='bbox 244 3535 285 3602; x_wconf 86' lang='lat' dir='ltr'><strong>da</strong></span> <span class='ocrx_word' id='word_1_221' title='bbox 307 3537 408 3604; x_wconf 91' lang='lat' dir='ltr'><strong>oculis</strong></span> <span class='ocrx_word' id='word_1_222' title='bbox 429 3535 556 3604; x_wconf 88' lang='lat' dir='ltr'><strong>Pisonis</strong></span> <span class='ocrx_word' id='word_1_223' title='bbox 576 3536 653 3604; x_wconf 83' lang='lat' dir='ltr'><strong>uide</strong></span> <span class='ocrx_word' id='word_1_224' title='bbox 675 3535 715 3604; x_wconf 83' lang='lat' dir='ltr'><strong>de</strong></span> <span class='ocrx_word' id='word_1_225' title='bbox 734 3537 842 3604; x_wconf 89' lang='lat' dir='ltr'><strong>reditu</strong></span> <span class='ocrx_word' id='word_1_226' title='bbox 862 3535 896 3603; x_wconf 90' lang='lat' dir='ltr'><strong>in</strong></span> <span class='ocrx_word' id='word_1_227' title='bbox 918 3536 1019 3602; x_wconf 71' lang='lat' dir='ltr'><strong>seni</strong></span> <span class='ocrx_word' id='word_1_228' title='bbox 1044 3535 1083 3602; x_wconf 88' lang='lat'><strong>16</strong></span> <span class='ocrx_word' id='word_1_229' title='bbox 1102 3557 1162 3623; x_wconf 93' lang='lat' dir='ltr'><strong>pro</strong></span> <span class='ocrx_word' id='word_1_230' title='bbox 1184 3535 1292 3604; x_wconf 81' lang='lat' dir='ltr'><strong>Sestio</strong></span> 
     </span>
     <span class='ocr_line' id='line_1_29' title="bbox 244 3649 1294 3722; baseline 0.006 -6"><span class='ocrx_word' id='word_1_231' title='bbox 244 3649 264 3716; x_wconf 92' lang='lat'>8</span> <span class='ocrx_word' id='word_1_232' title='bbox 293 3652 333 3718; x_wconf 89' lang='grc'><strong>19</strong></span> <span class='ocrx_word' id='word_1_233' title='bbox 359 3654 394 3719; x_wconf 84' lang='grc' dir='ltr'><strong>ἱιι</strong></span> <span class='ocrx_word' id='word_1_234' title='bbox 421 3652 573 3720; x_wconf 87' lang='lat' dir='ltr'><strong>Pisonem</strong></span> <span class='ocrx_word' id='word_1_235' title='bbox 594 3655 616 3720; x_wconf 81' lang='lat'>5</span> <span class='ocrx_word' id='word_1_236' title='bbox 639 3656 688 3720; x_wconf 94' lang='grc'><strong>11.</strong></span> <span class='ocrx_word' id='word_1_237' title='bbox 710 3654 803 3722; x_wconf 78' lang='grc'><strong>614.</strong></span> <span class='ocrx_word' id='word_1_238' title='bbox 848 3653 888 3720; x_wconf 83' lang='lat' dir='ltr'><strong>cl.</strong></span> <span class='ocrx_word' id='word_1_239' title='bbox 920 3653 1016 3720; x_wconf 86' lang='lat' dir='ltr'><strong>etiam</strong></span> <span class='ocrx_word' id='word_1_240' title='bbox 1053 3651 1217 3719; x_wconf 87' lang='lat' dir='ltr'><strong>Manutius</strong></span> <span class='ocrx_word' id='word_1_241' title='bbox 1252 3653 1294 3722; x_wconf 82' lang='lat' dir='ltr'><strong>ad</strong></span> 
     </span>
     <span class='ocr_line' id='line_1_30' title="bbox 243 3767 1293 3858; baseline 0 -22"><span class='ocrx_word' id='word_1_242' title='bbox 243 3771 351 3837; x_wconf 88' lang='lat' dir='ltr'><strong>locum</strong></span> <span class='ocrx_word' id='word_1_243' title='bbox 380 3767 548 3837; x_wconf 82' lang='lat' dir='ltr'><strong>Sestianae</strong></span> <span class='ocrx_word' id='word_1_244' title='bbox 579 3780 612 3837; x_wconf 92' lang='lat' dir='ltr'><strong>et</strong></span> <span class='ocrx_word' id='word_1_245' title='bbox 642 3770 852 3838; x_wconf 88' lang='lat' dir='ltr'><strong>Drumannus</strong></span> <span class='ocrx_word' id='word_1_246' title='bbox 874 3793 895 3839; x_wconf 91' lang='lat' dir='ltr'><strong>u</strong></span> <span class='ocrx_word' id='word_1_247' title='bbox 916 3769 967 3837; x_wconf 73' lang='lat' dir='ltr'><strong>tt.</strong></span> <span class='ocrx_word' id='word_1_248' title='bbox 1009 3770 1204 3837; x_wconf 85' lang='lat' dir='ltr'><strong>remouenda</strong></span> <span class='ocrx_word' id='word_1_249' title='bbox 1233 3771 1293 3858; x_wconf 85' lang='lat' dir='ltr'><strong>igi·</strong></span> 
     </span>
     <span class='ocr_line' id='line_1_31' title="bbox 242 3885 1292 3978; baseline 0.003 -23"><span class='ocrx_word' id='word_1_250' title='bbox 242 3895 295 3955; x_wconf 84' lang='lat' dir='ltr'><strong>tur</strong></span> <span class='ocrx_word' id='word_1_251' title='bbox 323 3885 425 3976; x_wconf 79' lang='lat' dir='ltr'><strong>lipsii</strong></span> <span class='ocrx_word' id='word_1_252' title='bbox 455 3885 573 3976; x_wconf 83' lang='lat' dir='ltr'><strong>opinio.</strong></span> <span class='ocrx_word' id='word_1_253' title='bbox 622 3907 683 3954; x_wconf 90' lang='lat' dir='ltr'><strong>nec</strong></span> <span class='ocrx_word' id='word_1_254' title='bbox 718 3888 823 3976; x_wconf 87' lang='lat' dir='ltr'><strong>magis</strong></span> <span class='ocrx_word' id='word_1_255' title='bbox 864 3887 1120 3978; x_wconf 87' lang='lat' dir='ltr'><strong>Inngclausseno</strong></span> <span class='ocrx_word' id='word_1_256' title='bbox 1154 3887 1196 3955; x_wconf 89' lang='lat' dir='ltr'><strong>de</strong></span> <span class='ocrx_word' id='word_1_257' title='bbox 1227 3888 1292 3958; x_wconf 90' lang='lat' dir='ltr'><strong>hoo</strong></span> 
     </span>
    </p>
   </div>
   <div class='ocr_carea' id='block_1_5' title="bbox 0 0 1482 4492">
    <p class='ocr_par' dir='ltr' id='par_1_5' title="bbox 0 0 1482 4492">
     <span class='ocr_line' id='line_1_32' title="bbox 0 0 1482 4492; baseline 0 1"><span class='ocrx_word' id='word_1_258' title='bbox 0 0 1482 4492; x_wconf 95' lang='lat' dir='ltr'><strong> </strong></span> 
     </span>
    </p>
   </div>
  </div>
 </body>
</html>
