<?xml version="1.0" encoding="UTF-8"?>
<!DOCTYPE html PUBLIC "-//W3C//DTD XHTML 1.0 Transitional//EN"
    "http://www.w3.org/TR/xhtml1/DTD/xhtml1-transitional.dtd">
<html xmlns="http://www.w3.org/1999/xhtml" xml:lang="en" lang="en">
 <head>
  <title>
</title>
<meta http-equiv="Content-Type" content="text/html;charset=utf-8" />
  <meta name='ocr-system' content='tesseract 3.04.00' />
  <meta name='ocr-capabilities' content='ocr_page ocr_carea ocr_par ocr_line ocrx_word'/>
</head>
<body>
  <div class='ocr_page' id='page_1' title='image "./gvalericatvllil00schwgoog_0085.png"; bbox 0 0 2920 4492; ppageno 0'>
   <div class='ocr_carea' id='block_1_1' title="bbox 282 331 1038 390">
    <p class='ocr_par' dir='ltr' id='par_1_1' title="bbox 282 331 1038 390">
     <span class='ocr_line' id='line_1_1' title="bbox 282 331 1038 390; baseline -0.005 -2"><span class='ocrx_word' id='word_1_1' title='bbox 282 339 315 390; x_wconf 72' lang='lat'><strong>⁷²</strong></span> <span class='ocrx_word' id='word_1_2' title='bbox 566 333 589 384; x_wconf 84' lang='lat' dir='ltr'>V</span> <span class='ocrx_word' id='word_1_3' title='bbox 623 334 671 388; x_wconf 65' lang='lat' dir='ltr'><strong>DE</strong></span> <span class='ocrx_word' id='word_1_4' title='bbox 689 331 868 389; x_wconf 69' lang='lat' dir='ltr'><strong>moninus</strong></span> <span class='ocrx_word' id='word_1_5' title='bbox 884 331 1038 386; x_wconf 66' lang='lat' dir='ltr'><strong>cssml</strong></span> 
     </span>
    </p>
   </div>
   <div class='ocr_carea' id='block_1_2' title="bbox 284 498 1325 700">
    <p class='ocr_par' dir='ltr' id='par_1_2' title="bbox 284 498 1325 700">
     <span class='ocr_line' id='line_1_2' title="bbox 284 498 1325 586; baseline -0.001 -18"><span class='ocrx_word' id='word_1_6' title='bbox 284 512 369 569; x_wconf 83' lang='lat' dir='ltr'><strong>sunt.</strong></span> <span class='ocrx_word' id='word_1_7' title='bbox 413 500 561 570; x_wconf 70' lang='lat' dir='ltr'><strong>Getullu</strong></span> <span class='ocrx_word' id='word_1_8' title='bbox 586 501 666 568; x_wconf 78' lang='lat' dir='ltr'><strong>Anii</strong></span> <span class='ocrx_word' id='word_1_9' title='bbox 688 501 728 568; x_wconf 91' lang='lat' dir='ltr'><strong>de</strong></span> <span class='ocrx_word' id='word_1_10' title='bbox 750 522 860 568; x_wconf 78' lang='lat' dir='ltr'><strong>amors</strong></span> <span class='ocrx_word' id='word_1_11' title='bbox 880 523 938 567; x_wconf 89' lang='lat' dir='ltr'><strong>suo</strong></span> <span class='ocrx_word' id='word_1_12' title='bbox 966 498 1081 568; x_wconf 76' lang='lat' dir='ltr'><strong>meiito</strong></span> <span class='ocrx_word' id='word_1_13' title='bbox 1100 508 1195 586; x_wconf 72' lang='lat' dir='ltr'><strong>gesto</strong></span> <span class='ocrx_word' id='word_1_14' title='bbox 1216 498 1325 567; x_wconf 85' lang='lat' dir='ltr'><strong>suimo</strong></span> 
     </span>
     <span class='ocr_line' id='line_1_3' title="bbox 285 618 515 700; baseline 0 -16"><span class='ocrx_word' id='word_1_15' title='bbox 285 618 515 700; x_wconf 72' lang='lat' dir='ltr'><strong>celebraturus,</strong></span> 
     </span>
    </p>
   </div>
   <div class='ocr_carea' id='block_1_3' title="bbox 380 766 1326 1322">
    <p class='ocr_par' dir='ltr' id='par_1_3' title="bbox 380 766 1326 1322">
     <span class='ocr_line' id='line_1_4' title="bbox 388 766 1326 856; baseline 0 -23"><span class='ocrx_word' id='word_1_16' title='bbox 388 791 455 833; x_wconf 80' lang='lat' dir='ltr'><strong>cum</strong></span> <span class='ocrx_word' id='word_1_17' title='bbox 470 777 592 849; x_wconf 69' lang='lat' dir='ltr'><strong>tandem,</strong></span> <span class='ocrx_word' id='word_1_18' title='bbox 605 766 718 856; x_wconf 82' lang='lat' dir='ltr'><strong>inquit,</strong></span> <span class='ocrx_word' id='word_1_19' title='bbox 730 771 867 834; x_wconf 82' lang='lat' dir='ltr'><strong>arderem</strong></span> <span class='ocrx_word' id='word_1_20' title='bbox 879 769 1002 853; x_wconf 82' lang='lat' dir='ltr'><strong>(amore</strong></span> <span class='ocrx_word' id='word_1_21' title='bbox 1016 766 1167 852; x_wconf 81' lang='lat' dir='ltr'><strong>Lesbiae)</strong></span> <span class='ocrx_word' id='word_1_22' title='bbox 1182 780 1326 855; x_wconf 63' lang='lat' dir='ltr'><strong>mundam</strong></span> 
     </span>
     <span class='ocr_line' id='line_1_5' title="bbox 946 885 1225 972; baseline 0.004 -23"><span class='ocrx_word' id='word_1_23' title='bbox 946 885 1114 950; x_wconf 57' lang='lat' dir='ltr'><strong>fussoria</strong></span> <span class='ocrx_word' id='word_1_24' title='bbox 1133 907 1225 972; x_wconf 77' lang='lat' dir='ltr'><strong>rupes</strong></span> 
     </span>
     <span class='ocr_line' id='line_1_6' title="bbox 431 1001 1187 1088; baseline -0.003 -20"><span class='ocrx_word' id='word_1_25' title='bbox 431 1003 613 1088; x_wconf 72' lang='lat' dir='ltr'><strong>lympoaqoe</strong></span> <span class='ocrx_word' id='word_1_26' title='bbox 633 1005 665 1068; x_wconf 77' lang='lat' dir='ltr'><strong>io</strong></span> <span class='ocrx_word' id='word_1_27' title='bbox 689 1001 814 1067; x_wconf 72' lang='lat' dir='ltr'><strong>Oetaeis</strong></span> <span class='ocrx_word' id='word_1_28' title='bbox 836 1001 936 1066; x_wconf 79' lang='lat' dir='ltr'><strong>Malia</strong></span> <span class='ocrx_word' id='word_1_29' title='bbox 961 1001 1187 1087; x_wconf 64' lang='lat' dir='ltr'><strong>Hermopyls&#39;s,</strong></span> 
     </span>
     <span class='ocr_line' id='line_1_7' title="bbox 380 1117 1175 1206; baseline 0 -22"><span class='ocrx_word' id='word_1_30' title='bbox 380 1131 498 1185; x_wconf 79' lang='lat' dir='ltr'><strong>moesta</strong></span> <span class='ocrx_word' id='word_1_31' title='bbox 518 1141 613 1206; x_wconf 74' lang='lat' dir='ltr'><strong>neque</strong></span> <span class='ocrx_word' id='word_1_32' title='bbox 633 1117 767 1184; x_wconf 62' lang='lat' dir='ltr'><strong>adsidam</strong></span> <span class='ocrx_word' id='word_1_33' title='bbox 786 1121 934 1183; x_wconf 71' lang='lat' dir='ltr'><strong><em>tabescere</em></strong></span> <span class='ocrx_word' id='word_1_34' title='bbox 957 1121 1075 1184; x_wconf 77' lang='lat' dir='ltr'><strong>lumino</strong></span> <span class='ocrx_word' id='word_1_35' title='bbox 1088 1119 1175 1205; x_wconf 77' lang='lat' dir='ltr'><strong>fletu</strong></span> 
     </span>
     <span class='ocr_line' id='line_1_8' title="bbox 430 1234 1124 1322; baseline 0 -22"><span class='ocrx_word' id='word_1_36' title='bbox 430 1247 587 1301; x_wconf 71' lang='lat' dir='ltr'><strong><em>cessarent</em></strong></span> <span class='ocrx_word' id='word_1_37' title='bbox 606 1237 740 1322; x_wconf 52' lang='grc' dir='ltr'><strong>Μέρη</strong></span> <span class='ocrx_word' id='word_1_38' title='bbox 761 1237 857 1301; x_wconf 75' lang='lat' dir='ltr'><strong>imbre</strong></span> <span class='ocrx_word' id='word_1_39' title='bbox 877 1234 1001 1300; x_wconf 84' lang='lat' dir='ltr'><strong>madere</strong></span> <span class='ocrx_word' id='word_1_40' title='bbox 1017 1259 1124 1322; x_wconf 69' lang='lat' dir='ltr'><strong>qenes,</strong></span> 
     </span>
    </p>
   </div>
   <div class='ocr_carea' id='block_1_4' title="bbox 279 1385 1326 2760">
    <p class='ocr_par' dir='ltr' id='par_1_4' title="bbox 279 1385 1326 2760">
     <span class='ocr_line' id='line_1_9' title="bbox 280 1385 1324 1478; baseline 0 -25"><span class='ocrx_word' id='word_1_41' title='bbox 280 1386 385 1478; x_wconf 76' lang='lat' dir='ltr'><strong>Allius</strong></span> <span class='ocrx_word' id='word_1_42' title='bbox 415 1386 533 1452; x_wconf 87' lang='lat' dir='ltr'><strong>euxilio</strong></span> <span class='ocrx_word' id='word_1_43' title='bbox 565 1387 643 1452; x_wconf 92' lang='lat' dir='ltr'><strong>mihi</strong></span> <span class='ocrx_word' id='word_1_44' title='bbox 671 1387 803 1452; x_wconf 90' lang='lat' dir='ltr'><strong>ueniens</strong></span> <span class='ocrx_word' id='word_1_45' title='bbox 830 1387 957 1452; x_wconf 89' lang='lat' dir='ltr'><strong>domum</strong></span> <span class='ocrx_word' id='word_1_46' title='bbox 987 1409 1077 1452; x_wconf 84' lang='lat' dir='ltr'><strong>susm</strong></span> <span class='ocrx_word' id='word_1_47' title='bbox 1108 1385 1185 1452; x_wconf 91' lang='lat' dir='ltr'><strong>mihi</strong></span> <span class='ocrx_word' id='word_1_48' title='bbox 1207 1387 1324 1453; x_wconf 82' lang='lat' dir='ltr'><strong>obtulit</strong></span> 
     </span>
     <span class='ocr_line' id='line_1_10' title="bbox 283 1501 1324 1594; baseline 0.004 -26"><span class='ocrx_word' id='word_1_49' title='bbox 283 1503 316 1568; x_wconf 88' lang='lat' dir='ltr'><strong>in</strong></span> <span class='ocrx_word' id='word_1_50' title='bbox 337 1526 432 1590; x_wconf 84' lang='lat' dir='ltr'><strong>quem</strong></span> <span class='ocrx_word' id='word_1_51' title='bbox 455 1525 518 1590; x_wconf 83' lang='lat' dir='ltr'><strong>ego</strong></span> <span class='ocrx_word' id='word_1_52' title='bbox 537 1513 569 1567; x_wconf 77' lang='lat' dir='ltr'><strong>et</strong></span> <span class='ocrx_word' id='word_1_53' title='bbox 582 1501 702 1594; x_wconf 86' lang='lat' dir='ltr'><strong>Lesbis</strong></span> <span class='ocrx_word' id='word_1_54' title='bbox 717 1503 757 1569; x_wconf 85' lang='lat' dir='ltr'><strong>ed</strong></span> <span class='ocrx_word' id='word_1_55' title='bbox 771 1503 940 1568; x_wconf 86' lang='lat' dir='ltr'><strong>fruendum</strong></span> <span class='ocrx_word' id='word_1_56' title='bbox 962 1503 1079 1569; x_wconf 82' lang='lat' dir='ltr'><strong>emeris</strong></span> <span class='ocrx_word' id='word_1_57' title='bbox 1101 1504 1324 1592; x_wconf 77' lang='lat' dir='ltr'><strong>uoluptatibus</strong></span> 
     </span>
     <span class='ocr_line' id='line_1_11' title="bbox 281 1619 1324 1708; baseline 0.001 -23"><span class='ocrx_word' id='word_1_58' title='bbox 281 1622 535 1697; x_wconf 88' lang='lat' dir='ltr'><strong>conueniremus‚</strong></span> <span class='ocrx_word' id='word_1_59' title='bbox 558 1619 612 1704; x_wconf 81' lang='lat' dir='ltr'><strong>(cf.</strong></span> <span class='ocrx_word' id='word_1_60' title='bbox 635 1639 733 1684; x_wconf 82' lang='lat' dir='ltr'><strong>vam</strong></span> <span class='ocrx_word' id='word_1_61' title='bbox 756 1619 889 1685; x_wconf 78' lang='lat'>51-56.</span> <span class='ocrx_word' id='word_1_62' title='bbox 910 1619 1058 1702; x_wconf 80' lang='lat'>66-72).</span> <span class='ocrx_word' id='word_1_63' title='bbox 1090 1631 1206 1708; x_wconf 81' lang='lat' dir='ltr'><strong>poetae</strong></span> <span class='ocrx_word' id='word_1_64' title='bbox 1228 1621 1324 1704; x_wconf 88' lang='lat' dir='ltr'><strong>enim,</strong></span> 
     </span>
     <span class='ocr_line' id='line_1_12' title="bbox 282 1735 1324 1824; baseline 0.001 -20"><span class='ocrx_word' id='word_1_65' title='bbox 282 1762 354 1804; x_wconf 86' lang='lat' dir='ltr'><strong>cum</strong></span> <span class='ocrx_word' id='word_1_66' title='bbox 376 1737 509 1822; x_wconf 78' lang='lat' dir='ltr'>Metelli,</span> <span class='ocrx_word' id='word_1_67' title='bbox 531 1735 592 1804; x_wconf 89' lang='lat' dir='ltr'><strong>uiri</strong></span> <span class='ocrx_word' id='word_1_68' title='bbox 606 1735 795 1824; x_wconf 85' lang='lat' dir='ltr'><strong>grauissimi,</strong></span> <span class='ocrx_word' id='word_1_69' title='bbox 818 1760 931 1803; x_wconf 79' lang='lat' dir='ltr'><strong>caussa</strong></span> <span class='ocrx_word' id='word_1_70' title='bbox 946 1735 1080 1804; x_wconf 78' lang='lat' dir='ltr'>Clodiae</span> <span class='ocrx_word' id='word_1_71' title='bbox 1095 1737 1221 1803; x_wconf 88' lang='lat' dir='ltr'><strong>domum</strong></span> <span class='ocrx_word' id='word_1_72' title='bbox 1238 1739 1324 1805; x_wconf 87' lang='lat' dir='ltr'><strong>intro</strong></span> 
     </span>
     <span class='ocr_line' id='line_1_13' title="bbox 280 1853 1324 1936; baseline 0.001 -15"><span class='ocrx_word' id='word_1_73' title='bbox 280 1855 327 1921; x_wconf 90' lang='lat' dir='ltr'><strong>ire</strong></span> <span class='ocrx_word' id='word_1_74' title='bbox 339 1879 404 1921; x_wconf 90' lang='lat' dir='ltr'><strong>non</strong></span> <span class='ocrx_word' id='word_1_75' title='bbox 419 1853 563 1936; x_wconf 75' lang='lat' dir='ltr'><strong>auderet,</strong></span> <span class='ocrx_word' id='word_1_76' title='bbox 584 1853 708 1918; x_wconf 79' lang='lat' dir='ltr'><strong>occasio</strong></span> <span class='ocrx_word' id='word_1_77' title='bbox 725 1853 792 1919; x_wconf 87' lang='lat' dir='ltr'><strong>eius</strong></span> <span class='ocrx_word' id='word_1_78' title='bbox 807 1853 1049 1921; x_wconf 82' lang='lat' dir='ltr'><strong>conueniendse</strong></span> <span class='ocrx_word' id='word_1_79' title='bbox 1064 1853 1183 1920; x_wconf 73' lang='lat' dir='ltr'><strong>deerat.</strong></span> <span class='ocrx_word' id='word_1_80' title='bbox 1209 1853 1266 1920; x_wconf 91' lang='lat' dir='ltr'><strong>sed</strong></span> <span class='ocrx_word' id='word_1_81' title='bbox 1282 1855 1324 1922; x_wconf 81' lang='lat' dir='ltr'><strong>ab</strong></span> 
     </span>
     <span class='ocr_line' id='line_1_14' title="bbox 279 1969 1324 2062; baseline 0 -23"><span class='ocrx_word' id='word_1_82' title='bbox 279 1971 343 2040; x_wconf 88' lang='lat' dir='ltr'><strong>hoc</strong></span> <span class='ocrx_word' id='word_1_83' title='bbox 364 1971 504 2037; x_wconf 79' lang='lat' dir='ltr'><strong>carmine</strong></span> <span class='ocrx_word' id='word_1_84' title='bbox 520 1977 633 2036; x_wconf 70' lang='lat' dir='ltr'><strong>vaud’</strong></span> <span class='ocrx_word' id='word_1_85' title='bbox 647 1969 810 2039; x_wconf 83' lang='lat' dir='ltr'><strong>discedere</strong></span> <span class='ocrx_word' id='word_1_86' title='bbox 832 1994 896 2036; x_wconf 91' lang='lat' dir='ltr'><strong>non</strong></span> <span class='ocrx_word' id='word_1_87' title='bbox 917 1994 1085 2060; x_wconf 87' lang='lat' dir='ltr'><strong>possumus</strong></span> <span class='ocrx_word' id='word_1_88' title='bbox 1107 1985 1202 2037; x_wconf 80' lang='lat' dir='ltr'><strong>entes</strong></span> <span class='ocrx_word' id='word_1_89' title='bbox 1224 1997 1324 2062; x_wconf 86' lang='lat' dir='ltr'><strong>quem</strong></span> 
     </span>
     <span class='ocr_line' id='line_1_15' title="bbox 280 2087 1324 2179; baseline 0.001 -24"><span class='ocrx_word' id='word_1_90' title='bbox 280 2090 320 2156; x_wconf 88' lang='lat' dir='ltr'><strong>de</strong></span> <span class='ocrx_word' id='word_1_91' title='bbox 353 2089 421 2154; x_wconf 88' lang='lat' dir='ltr'><strong>eius</strong></span> <span class='ocrx_word' id='word_1_92' title='bbox 454 2109 550 2153; x_wconf 87' lang='lat' dir='ltr'><strong>uersu</strong></span> <span class='ocrx_word' id='word_1_93' title='bbox 582 2087 643 2152; x_wconf 80' lang='lat'><strong>142</strong></span> <span class='ocrx_word' id='word_1_94' title='bbox 669 2111 773 2176; x_wconf 83' lang='lat' dir='ltr'><strong>peuce</strong></span> <span class='ocrx_word' id='word_1_95' title='bbox 805 2087 1010 2154; x_wconf 81' lang='lat' dir='ltr'><strong>disseruimus</strong></span> <span class='ocrx_word' id='word_1_96' title='bbox 1040 2089 1228 2155; x_wconf 82' lang='lat' dir='ltr'><strong>centurius</strong></span> <span class='ocrx_word' id='word_1_97' title='bbox 1251 2090 1324 2179; x_wconf 90' lang='lat' dir='ltr'><strong>quis</strong></span> 
     </span>
     <span class='ocr_line' id='line_1_16' title="bbox 281 2205 1325 2295; baseline 0.001 -23"><span class='ocrx_word' id='word_1_98' title='bbox 281 2229 375 2272; x_wconf 88' lang='lat' dir='ltr'><strong>uersu</strong></span> <span class='ocrx_word' id='word_1_99' title='bbox 405 2205 459 2271; x_wconf 89' lang='lat' dir='ltr'><strong>illo</strong></span> <span class='ocrx_word' id='word_1_100' title='bbox 490 2207 573 2270; x_wconf 84' lang='lat' dir='ltr'><strong>male</strong></span> <span class='ocrx_word' id='word_1_101' title='bbox 603 2205 765 2270; x_wconf 88' lang='lat' dir='ltr'><strong>intellecto</strong></span> <span class='ocrx_word' id='word_1_102' title='bbox 797 2205 836 2270; x_wconf 93' lang='lat' dir='ltr'><strong>de</strong></span> <span class='ocrx_word' id='word_1_103' title='bbox 869 2206 1004 2272; x_wconf 82' lang='lat' dir='ltr'><strong>ueritate</strong></span> <span class='ocrx_word' id='word_1_104' title='bbox 1025 2207 1203 2272; x_wconf 83' lang='lat' dir='ltr'><strong>sententies</strong></span> <span class='ocrx_word' id='word_1_105' title='bbox 1226 2230 1325 2295; x_wconf 84' lang='lat' dir='ltr'><strong>quem</strong></span> 
     </span>
     <span class='ocr_line' id='line_1_17' title="bbox 281 2321 1324 2410; baseline 0.002 -20"><span class='ocrx_word' id='word_1_106' title='bbox 281 2323 321 2390; x_wconf 92' lang='lat' dir='ltr'><strong>de</strong></span> <span class='ocrx_word' id='word_1_107' title='bbox 352 2322 472 2389; x_wconf 86' lang='lat' dir='ltr'><strong>Lesbis</strong></span> <span class='ocrx_word' id='word_1_108' title='bbox 502 2321 779 2410; x_wconf 85' lang='lat' dir='ltr'><strong>pronuntiauimus</strong></span> <span class='ocrx_word' id='word_1_109' title='bbox 810 2322 942 2389; x_wconf 65' lang='lat' dir='ltr'><strong>dubites</strong></span> <span class='ocrx_word' id='word_1_110' title='bbox 984 2321 1206 2391; x_wconf 85' lang='lat' dir='ltr'><strong>Broukhusius</strong></span> <span class='ocrx_word' id='word_1_111' title='bbox 1238 2326 1324 2392; x_wconf 91' lang='lat' dir='ltr'><strong>enim</strong></span> 
     </span>
     <span class='ocr_line' id='line_1_18' title="bbox 281 2439 1325 2529; baseline 0.004 -25"><span class='ocrx_word' id='word_1_112' title='bbox 281 2439 321 2506; x_wconf 86' lang='lat' dir='ltr'><strong>ed</strong></span> <span class='ocrx_word' id='word_1_113' title='bbox 353 2439 474 2510; x_wconf 76' lang='lat' dir='ltr'><strong>catulli</strong></span> <span class='ocrx_word' id='word_1_114' title='bbox 496 2463 517 2502; x_wconf 90' lang='lat' dir='ltr'>v</span> <span class='ocrx_word' id='word_1_115' title='bbox 542 2441 557 2504; x_wconf 95' lang='grc'>1</span> <span class='ocrx_word' id='word_1_116' title='bbox 581 2441 625 2517; x_wconf 88' lang='lat' dir='ltr'><strong>(u.</strong></span> <span class='ocrx_word' id='word_1_117' title='bbox 648 2439 811 2506; x_wconf 87' lang='lat' dir='ltr'><strong>Huschkii</strong></span> <span class='ocrx_word' id='word_1_118' title='bbox 833 2439 926 2506; x_wconf 86' lang='lat' dir='ltr'><strong>snell.</strong></span> <span class='ocrx_word' id='word_1_119' title='bbox 955 2439 1016 2506; x_wconf 84' lang='lat' dir='ltr'><strong>litt.</strong></span> <span class='ocrx_word' id='word_1_120' title='bbox 1036 2464 1068 2529; x_wconf 90' lang='lat' dir='ltr'><strong>p.</strong></span> <span class='ocrx_word' id='word_1_121' title='bbox 1091 2439 1146 2524; x_wconf 78' lang='lat'><strong>37)</strong></span> <span class='ocrx_word' id='word_1_122' title='bbox 1177 2441 1325 2510; x_wconf 79' lang='lat' dir='ltr'><strong>Lesbiam</strong></span> 
     </span>
     <span class='ocr_line' id='line_1_19' title="bbox 280 2555 1326 2648; baseline 0.003 -25"><span class='ocrx_word' id='word_1_123' title='bbox 280 2557 325 2624; x_wconf 81' lang='lat' dir='ltr'><strong>eit</strong></span> <span class='ocrx_word' id='word_1_124' title='bbox 347 2555 448 2622; x_wconf 77' lang='lat' dir='ltr'><strong>uolunt</strong></span> <span class='ocrx_word' id='word_1_125' title='bbox 470 2580 533 2621; x_wconf 82' lang='lat' dir='ltr'><strong>csse</strong></span> <span class='ocrx_word' id='word_1_126' title='bbox 557 2557 695 2622; x_wconf 76' lang='lat' dir='ltr'><strong>Clodiam</strong></span> <span class='ocrx_word' id='word_1_127' title='bbox 718 2555 843 2625; x_wconf 76' lang='lat' dir='ltr'><strong>Metelli</strong></span> <span class='ocrx_word' id='word_1_128' title='bbox 863 2555 992 2633; x_wconf 77' lang='lat' dir='ltr'><strong>Celeris,</strong></span> <span class='ocrx_word' id='word_1_129' title='bbox 1025 2559 1109 2645; x_wconf 76' lang='lat' dir='ltr'><strong>quod</strong></span> <span class='ocrx_word' id='word_1_130' title='bbox 1129 2584 1208 2648; x_wconf 83' lang='lat' dir='ltr'><strong>qua-e</strong></span> <span class='ocrx_word' id='word_1_131' title='bbox 1227 2573 1326 2626; x_wconf 77' lang='lat' dir='ltr'><strong>octeni</strong></span> 
     </span>
     <span class='ocr_line' id='line_1_20' title="bbox 280 2673 1061 2760; baseline 0 -21"><span class='ocrx_word' id='word_1_132' title='bbox 280 2674 404 2740; x_wconf 80' lang='lat' dir='ltr'><strong>credere</strong></span> <span class='ocrx_word' id='word_1_133' title='bbox 427 2677 523 2739; x_wconf 81' lang='lat' dir='ltr'><strong>multo</strong></span> <span class='ocrx_word' id='word_1_134' title='bbox 546 2685 626 2739; x_wconf 77' lang='lat' dir='ltr'><strong>sunt.</strong></span> <span class='ocrx_word' id='word_1_135' title='bbox 669 2698 726 2760; x_wconf 80' lang='lat' dir='ltr'><strong>quc</strong></span> <span class='ocrx_word' id='word_1_136' title='bbox 748 2675 826 2740; x_wconf 79' lang='lat' dir='ltr'><strong>cuim</strong></span> <span class='ocrx_word' id='word_1_137' title='bbox 847 2673 961 2756; x_wconf 75' lang='lat' dir='ltr'><strong>referes</strong></span> <span class='ocrx_word' id='word_1_138' title='bbox 982 2675 1061 2740; x_wconf 79' lang='lat' dir='ltr'><strong>illud</strong></span> 
     </span>
    </p>
   </div>
   <div class='ocr_carea' id='block_1_5' title="bbox 458 2809 1153 2904">
    <p class='ocr_par' dir='ltr' id='par_1_5' title="bbox 458 2809 1153 2904">
     <span class='ocr_line' id='line_1_21' title="bbox 458 2809 1153 2904; baseline 0.003 -24"><span class='ocrx_word' id='word_1_139' title='bbox 458 2809 626 2901; x_wconf 63' lang='lat' dir='ltr'><strong>‘decoratum</strong></span> <span class='ocrx_word' id='word_1_140' title='bbox 646 2816 770 2882; x_wconf 69' lang='lat' dir='ltr'><strong>tremuli</strong></span> <span class='ocrx_word' id='word_1_141' title='bbox 788 2817 859 2882; x_wconf 82' lang='lat' dir='ltr'><strong>tolle</strong></span> <span class='ocrx_word' id='word_1_142' title='bbox 880 2819 1019 2904; x_wconf 77' lang='lat' dir='ltr'><strong>parentis</strong></span> <span class='ocrx_word' id='word_1_143' title='bbox 1039 2811 1153 2882; x_wconf 77' lang='lat' dir='ltr'><strong>onss&#39;?</strong></span> 
     </span>
    </p>
   </div>
   <div class='ocr_carea' id='block_1_6' title="bbox 278 2955 1324 3985">
    <p class='ocr_par' dir='ltr' id='par_1_6' title="bbox 278 2955 1324 3985">
     <span class='ocr_line' id='line_1_22' title="bbox 278 2955 1324 3048; baseline 0.004 -24"><span class='ocrx_word' id='word_1_144' title='bbox 278 2971 310 3025; x_wconf 78' lang='lat' dir='ltr'><strong>ae</strong></span> <span class='ocrx_word' id='word_1_145' title='bbox 337 2959 368 3024; x_wconf 81' lang='lat' dir='ltr'><strong>s&#39;s</strong></span> <span class='ocrx_word' id='word_1_146' title='bbox 396 2965 457 3022; x_wconf 73' lang='lat' dir='ltr'><strong>iam</strong></span> <span class='ocrx_word' id='word_1_147' title='bbox 484 2959 559 3025; x_wconf 76' lang='lat' dir='ltr'><strong>olim</strong></span> <span class='ocrx_word' id='word_1_148' title='bbox 579 2959 701 3026; x_wconf 66' lang='lat' dir='ltr'><strong>obicem</strong></span> <span class='ocrx_word' id='word_1_149' title='bbox 743 2969 777 3024; x_wconf 86' lang='lat' dir='ltr'><strong>et</strong></span> <span class='ocrx_word' id='word_1_150' title='bbox 808 2955 849 3024; x_wconf 89' lang='lat' dir='ltr'><strong>de</strong></span> <span class='ocrx_word' id='word_1_151' title='bbox 879 2961 980 3046; x_wconf 76' lang='lat' dir='ltr'><strong>petris</strong></span> <span class='ocrx_word' id='word_1_152' title='bbox 1012 2957 1144 3026; x_wconf 82' lang='lat' dir='ltr'><strong>Clodios</strong></span> <span class='ocrx_word' id='word_1_153' title='bbox 1179 2970 1324 3048; x_wconf 78' lang='lat' dir='ltr'><strong>tempore</strong></span> 
     </span>
     <span class='ocr_line' id='line_1_23' title="bbox 280 3073 1324 3163; baseline 0.004 -23"><span class='ocrx_word' id='word_1_154' title='bbox 280 3073 390 3140; x_wconf 81' lang='lat' dir='ltr'><strong>mortis</strong></span> <span class='ocrx_word' id='word_1_155' title='bbox 411 3073 638 3142; x_wconf 85' lang='lat' dir='ltr'><strong>Broukhusius</strong></span> <span class='ocrx_word' id='word_1_156' title='bbox 661 3083 749 3140; x_wconf 71' lang='lat' dir='ltr'><strong>reete</strong></span> <span class='ocrx_word' id='word_1_157' title='bbox 777 3075 905 3158; x_wconf 74' lang='lat' dir='ltr'><strong>statuit,</strong></span> <span class='ocrx_word' id='word_1_158' title='bbox 941 3097 1038 3163; x_wconf 85' lang='lat' dir='ltr'><strong>quem</strong></span> <span class='ocrx_word' id='word_1_159' title='bbox 1059 3077 1092 3144; x_wconf 87' lang='lat' dir='ltr'><strong>iu</strong></span> <span class='ocrx_word' id='word_1_160' title='bbox 1114 3098 1233 3144; x_wconf 81' lang='lat' dir='ltr'><strong>sunum</strong></span> <span class='ocrx_word' id='word_1_161' title='bbox 1256 3081 1324 3146; x_wconf 83' lang='lat' dir='ltr'><strong>fers</strong></span> 
     </span>
     <span class='ocr_line' id='line_1_24' title="bbox 278 3189 1324 3279; baseline 0.002 -21"><span class='ocrx_word' id='word_1_162' title='bbox 278 3191 395 3269; x_wconf 67' lang='lat' dir='ltr'><strong>essue</strong></span> <span class='ocrx_word' id='word_1_163' title='bbox 417 3189 566 3258; x_wconf 82' lang='lat' dir='ltr'><strong>incidisse</strong></span> <span class='ocrx_word' id='word_1_164' title='bbox 588 3214 683 3279; x_wconf 83' lang='lat' dir='ltr'><strong>supra</strong></span> <span class='ocrx_word' id='word_1_165' title='bbox 704 3190 940 3259; x_wconf 83' lang='lat' dir='ltr'><strong>eduoteuimus.</strong></span> <span class='ocrx_word' id='word_1_166' title='bbox 984 3191 1069 3258; x_wconf 89' lang='lat' dir='ltr'><strong>unde</strong></span> <span class='ocrx_word' id='word_1_167' title='bbox 1084 3193 1169 3260; x_wconf 81' lang='lat' dir='ltr'><strong>clere</strong></span> <span class='ocrx_word' id='word_1_168' title='bbox 1183 3193 1324 3262; x_wconf 82' lang='lat' dir='ltr'><strong>efficitur</strong></span> 
     </span>
     <span class='ocr_line' id='line_1_25' title="bbox 279 3306 1323 3396; baseline 0.004 -22"><span class='ocrx_word' id='word_1_169' title='bbox 279 3319 325 3392; x_wconf 82' lang='lat' dir='ltr'><strong>ut,</strong></span> <span class='ocrx_word' id='word_1_170' title='bbox 343 3308 369 3374; x_wconf 89' lang='lat' dir='ltr'><strong>si</strong></span> <span class='ocrx_word' id='word_1_171' title='bbox 383 3309 417 3374; x_wconf 89' lang='lat' dir='ltr'><strong>in</strong></span> <span class='ocrx_word' id='word_1_172' title='bbox 431 3307 494 3374; x_wconf 89' lang='lat' dir='ltr'><strong>hoe</strong></span> <span class='ocrx_word' id='word_1_173' title='bbox 508 3330 603 3374; x_wconf 87' lang='lat' dir='ltr'><strong>uersu</strong></span> <span class='ocrx_word' id='word_1_174' title='bbox 618 3306 757 3376; x_wconf 81' lang='lat' dir='ltr'><strong>Lesbios</strong></span> <span class='ocrx_word' id='word_1_175' title='bbox 771 3318 864 3396; x_wconf 82' lang='lat' dir='ltr'><strong>peter</strong></span> <span class='ocrx_word' id='word_1_176' title='bbox 877 3333 896 3374; x_wconf 85' lang='lat' dir='ltr'><strong>e</strong></span> <span class='ocrx_word' id='word_1_177' title='bbox 911 3307 1037 3376; x_wconf 80' lang='lat' dir='ltr'><strong>Catullo</strong></span> <span class='ocrx_word' id='word_1_178' title='bbox 1054 3321 1323 3378; x_wconf 76' lang='lat' dir='ltr'><strong>commemoratus</strong></span> 
     </span>
     <span class='ocr_line' id='line_1_26' title="bbox 279 3424 1322 3513; baseline 0.006 -23"><span class='ocrx_word' id='word_1_179' title='bbox 279 3435 379 3507; x_wconf 87' lang='lat' dir='ltr'><strong>esset,</strong></span> <span class='ocrx_word' id='word_1_180' title='bbox 411 3424 570 3492; x_wconf 75' lang='lat' dir='ltr'><strong>sententis</strong></span> <span class='ocrx_word' id='word_1_181' title='bbox 598 3447 694 3513; x_wconf 83' lang='lat' dir='ltr'><strong>quem</strong></span> <span class='ocrx_word' id='word_1_182' title='bbox 721 3424 921 3492; x_wconf 85' lang='lat' dir='ltr'><strong>defendimus</strong></span> <span class='ocrx_word' id='word_1_183' title='bbox 948 3435 1017 3492; x_wconf 78' lang='lat' dir='ltr'><strong>tots</strong></span> <span class='ocrx_word' id='word_1_184' title='bbox 1038 3426 1207 3494; x_wconf 72' lang='lat' dir='ltr'><strong>obicienda</strong></span> <span class='ocrx_word' id='word_1_185' title='bbox 1227 3438 1322 3496; x_wconf 84' lang='lat' dir='ltr'><strong>esset.</strong></span> 
     </span>
     <span class='ocr_line' id='line_1_27' title="bbox 278 3539 1323 3628; baseline 0.003 -21"><span class='ocrx_word' id='word_1_186' title='bbox 278 3550 312 3607; x_wconf 83' lang='lat' dir='ltr'><strong>st</strong></span> <span class='ocrx_word' id='word_1_187' title='bbox 347 3539 423 3607; x_wconf 88' lang='lat' dir='ltr'><strong>nihil</strong></span> <span class='ocrx_word' id='word_1_188' title='bbox 458 3543 497 3607; x_wconf 91' lang='lat' dir='ltr'><strong>de</strong></span> <span class='ocrx_word' id='word_1_189' title='bbox 534 3543 581 3608; x_wconf 88' lang='lat' dir='ltr'><strong>eis</strong></span> <span class='ocrx_word' id='word_1_190' title='bbox 616 3563 699 3628; x_wconf 83' lang='lat' dir='ltr'><strong>quoe</strong></span> <span class='ocrx_word' id='word_1_191' title='bbox 736 3542 901 3609; x_wconf 86' lang='lat' dir='ltr'><strong>docuimus</strong></span> <span class='ocrx_word' id='word_1_192' title='bbox 932 3543 1148 3610; x_wconf 86' lang='lat' dir='ltr'><strong>metuendum.</strong></span> <span class='ocrx_word' id='word_1_193' title='bbox 1202 3546 1323 3610; x_wconf 80' lang='lat' dir='ltr'><strong>etenim</strong></span> 
     </span>
     <span class='ocr_line' id='line_1_28' title="bbox 279 3657 1323 3750; baseline 0.006 -27"><span class='ocrx_word' id='word_1_194' title='bbox 279 3659 427 3747; x_wconf 87' lang='lat' dir='ltr'><strong>quemuis</strong></span> <span class='ocrx_word' id='word_1_195' title='bbox 455 3657 544 3723; x_wconf 90' lang='lat' dir='ltr'><strong>locus</strong></span> <span class='ocrx_word' id='word_1_196' title='bbox 575 3659 629 3725; x_wconf 89' lang='lat' dir='ltr'><strong>ille</strong></span> <span class='ocrx_word' id='word_1_197' title='bbox 661 3659 824 3747; x_wconf 77' lang='lat' dir='ltr'><strong>explicatu</strong></span> <span class='ocrx_word' id='word_1_198' title='bbox 856 3659 909 3726; x_wconf 88' lang='lat' dir='ltr'><strong>uel</strong></span> <span class='ocrx_word' id='word_1_199' title='bbox 930 3659 1101 3728; x_wconf 85' lang='lat' dir='ltr'><strong>emendetu</strong></span> <span class='ocrx_word' id='word_1_200' title='bbox 1125 3659 1323 3750; x_wconf 87' lang='lat' dir='ltr'><strong>perdifficilis</strong></span> 
     </span>
     <span class='ocr_line' id='line_1_29' title="bbox 280 3777 1323 3867; baseline 0.006 -26"><span class='ocrx_word' id='word_1_201' title='bbox 280 3777 335 3858; x_wconf 86' lang='lat' dir='ltr'><strong>sit,</strong></span> <span class='ocrx_word' id='word_1_202' title='bbox 365 3785 472 3842; x_wconf 81' lang='lat' dir='ltr'><strong>temen</strong></span> <span class='ocrx_word' id='word_1_203' title='bbox 501 3799 598 3842; x_wconf 88' lang='lat' dir='ltr'><strong>unum</strong></span> <span class='ocrx_word' id='word_1_204' title='bbox 621 3777 835 3844; x_wconf 84' lang='lat' dir='ltr'><strong>certissimum</strong></span> <span class='ocrx_word' id='word_1_205' title='bbox 858 3788 906 3844; x_wconf 86' lang='lat' dir='ltr'><strong>est</strong></span> <span class='ocrx_word' id='word_1_206' title='bbox 927 3778 968 3844; x_wconf 90' lang='lat' dir='ltr'><strong>de</strong></span> <span class='ocrx_word' id='word_1_207' title='bbox 989 3789 1080 3867; x_wconf 79' lang='lat' dir='ltr'><strong>petre</strong></span> <span class='ocrx_word' id='word_1_208' title='bbox 1100 3779 1240 3846; x_wconf 80' lang='lat' dir='ltr'><strong>Lesbiae</strong></span> <span class='ocrx_word' id='word_1_209' title='bbox 1262 3779 1323 3846; x_wconf 79' lang='lat' dir='ltr'><strong>Oc·</strong></span> 
     </span>
     <span class='ocr_line' id='line_1_30' title="bbox 281 3893 1324 3985; baseline 0.004 -25"><span class='ocrx_word' id='word_1_210' title='bbox 281 3895 398 3960; x_wconf 84' lang='lat' dir='ltr'><strong>tullum</strong></span> <span class='ocrx_word' id='word_1_211' title='bbox 420 3894 508 3960; x_wconf 90' lang='lat' dir='ltr'><strong>nullo</strong></span> <span class='ocrx_word' id='word_1_212' title='bbox 528 3893 623 3962; x_wconf 89' lang='lat' dir='ltr'><strong>modo</strong></span> <span class='ocrx_word' id='word_1_213' title='bbox 639 3895 740 3960; x_wconf 85' lang='lat' dir='ltr'><strong>uerbs</strong></span> <span class='ocrx_word' id='word_1_214' title='bbox 754 3897 861 3964; x_wconf 82' lang='lat' dir='ltr'><strong>fecere</strong></span> <span class='ocrx_word' id='word_1_215' title='bbox 880 3896 1032 3984; x_wconf 76' lang='lat' dir='ltr'><strong>potuisse.</strong></span> <span class='ocrx_word' id='word_1_216' title='bbox 1074 3918 1149 3962; x_wconf 79' lang='lat' dir='ltr'><strong>nem</strong></span> <span class='ocrx_word' id='word_1_217' title='bbox 1163 3897 1324 3985; x_wconf 78' lang='lat' dir='ltr'><strong>nequities</strong></span> 
     </span>
    </p>
   </div>
   <div class='ocr_carea' id='block_1_7' title="bbox 0 0 1464 4485">
    <p class='ocr_par' dir='ltr' id='par_1_7' title="bbox 0 0 1464 4485">
     <span class='ocr_line' id='line_1_31' title="bbox 0 0 1464 4485; baseline 0 0"><span class='ocrx_word' id='word_1_218' title='bbox 0 0 1464 4485; x_wconf 95' lang='lat' dir='ltr'><strong> </strong></span> 
     </span>
    </p>
   </div>
  </div>
 </body>
</html>
