2954 4492
275 363 307 412 78
560 359 582 409 V
617 359 663 410 DE
683 347 860 412 AMORIBVS
879 349 1035 410 otmar

274 527 413 612 puellam
443 547 532 591 suam
556 525 716 591 Corinnae
745 527 874 590 nomine
907 525 1052 604 ornauit,
1084 527 1130 590 ita
1152 523 1313 606 Clodiam,

274 665 345 707 cum
367 641 513 708 uersibus
534 644 715 729 pangendis
733 645 894 708 interdum
908 653 1048 725 uacaret,
1072 639 1218 706 Catullus
1239 643 1318 708 Les·

274 761 345 824 biae
367 763 496 826 nomine
518 761 592 824 ficto
617 761 708 848 quasi
731 762 864 825 alteram
888 758 1020 847 Sappho
1041 760 1222 829 honorabit.

356 876 424 942 Sed
445 887 481 941 ut
505 878 635 942 tandem
658 878 696 942 ad
716 879 915 965 propositum
939 887 1092 954 reuertar,
1115 871 1226 942 eodem
1249 877 1318 940 fere

273 1007 416 1082 tempore
447 1015 511 1082 quo
541 996 683 1058 carmina
710 1017 732 1057 v
753 1017 794 1058 vu
819 1021 837 1058 ιι
861 1019 889 1059 ιιι
911 994 1039 1080 scripsit
1059 993 1206 1061 Catullus
1236 994 1322 1058 illud

274 1109 424 1199 Sapphus
447 1110 604 1177 Φαίνεταί
635 1133 695 1192 μοι
725 1117 816 1198 advoc
847 1109 918 1186 ἴσος
948 1109 1076 1176 &dolosa
1111 1110 1143 1175 in
1175 1108 1317 1174 Lesbiae

272 1229 426 1294 honorem
449 1231 588 1293 carmine
603 1247 636 1293 m
659 1227 717 1292 Ille
738 1231 786 1292 ma'
803 1251 867 1313 por
886 1229 1024 1293 essedae
1045 1227 1168 1292 ru'datur
1183 1226 1317 1314 egregio

272 1347 377 1411 uertit.
420 1369 479 1410 nec
501 1344 612 1410 dubito
634 1345 711 1432 quin
733 1365 863 1409 earmen
881 1345 1080 1410 vaul'Noa
1099 1367 1222 1430 possum
1242 1348 1316 1410 ναί·

273 1485 356 1542 cere,
380 1463 471 1538 deae,
493 1487 554 1548 qua
574 1486 622 1525 me
642 1463 744 1525 Allius
765 1465 798 1525 ia
818 1486 867 1544 re,
891 1483 909 1526 a
930 1483 995 1550 quo
1018 1482 1114 1549 supra
1134 1461 1316 1549 proficisce-

272 1580 395 1662 bamur,
413 1580 540 1644 illorum
563 1579 631 1644 fere
652 1581 786 1666 aequale
809 1579 864 1655 sit,
896 1579 951 1644 sed
972 1583 1018 1644 ita
1038 1591 1145 1644 tamen
1167 1589 1203 1644 ut
1223 1581 1317 1668 quasi

271 1697 302 1761 in
327 1697 465 1762 confinio
480 1697 574 1782 primi
597 1705 629 1761 et
651 1697 782 1762 alterius
798 1698 927 1783 generis
946 1695 1124 1761 carminum
1139 1694 1180 1759 de
1195 1696 1322 1764 Lesbia·

271 1813 524 1881 Cabdlranorum
546 1813 775 1880 conlocandum
793 1815 855 1879 sit·
886 1835 960 1878 nam
976 1813 1035 1878 etsi
1050 1811 1143 1878 buius
1165 1805 1316 1908 carminis

270 1931 417 1997 uersibus
440 1931 507 1996 135.
532 1931 592 1996 136

369 2084 444 2152 qrtae
465 2078 564 2130 tamen
586 2071 642 2130 etei
659 2088 721 2130 uuo
741 2086 801 2130 non
823 2075 868 2129 est
888 2075 1023 2130 contenta
1048 2063 1171 2147 Caudio,

418 2207 496 2247 rara
517 2185 705 2247 uerecundoe
724 2182 816 2266 furta
832 2187 970 2267 feremus
989 2206 1068 2263 erue,

270 2331 407 2398 Lesbiae
429 2333 508 2398 fides
537 2333 614 2396 satis
642 2333 757 2397 acerbe
778 2335 997 2420 uituperatur‚
1031 2343 1137 2397 tamen
1165 2327 1314 2396 Catullus

270 2451 350 2514 adeo
385 2449 510 2540 puellae
536 2461 706 2514 uenustate
738 2461 770 2514 et
801 2451 960 2516 suauitate
992 2448 1144 2538 deeeptus
1174 2457 1244 2514 crat
1278 2460 1314 2529 ut

269 2570 301 2634 in
325 2567 392 2632 eius
414 2569 506 2632 furtis
534 2565 739 2652 indulgenter
769 2553 921 2632 coniuens
947 2577 979 2632 et
1007 2568 1114 2632 uarias
1136 2556 1313 2660 excusandi

269 2709 397 2751 caussas
427 2685 592 2771 conligens
623 2708 750 2750 carmon
779 2683 857 2750 illud
885 2684 932 2748 his
967 2707 1075 2749 amore
1092 2666 1314 2748 'inflammatis

269 2803 417 2868 uersibus
438 2803 653 2877 concluderet,
1132 2804 1134 2812 '

367 2965 394 3034 et
414 2953 500 3040 lonqe
520 2965 587 3018 aare
607 2977 711 3020 cosnec
732 2952 824 3037 (felix
846 2953 913 3036 sit),
934 2953 1014 3021 mihi
1032 2974 1112 3038 quoe
1131 2975 1180 3036 ore
1207 2954 1313 3036 carior

985 3125 987 3133 ,
1055 3071 1160 3154 ipsust,
1250 3125 1252 3130 .

416 3191 472 3254 lua
491 3211 567 3270 meo,
588 3209 649 3274 qua
669 3189 747 3253 uiua
766 3193 870 3259 seuere
890 3189 976 3253 dulce
996 3189 1100 3252 milut
1180 3229 1185 3238 ·

268 3335 395 3402 accedit
420 3348 456 3400 ut
478 3359 516 3402 ea
537 3337 606 3425 ipae
627 3359 680 3402 res
702 3337 788 3424 quod
810 3335 958 3403 Catullus
980 3336 1060 3401 Allii
1081 3336 1121 3404 de
1141 3355 1176 3403 se
1195 3336 1314 3402 merita

267 3465 333 3519 tam
363 3455 541 3520 luculenter
568 3454 754 3542 praedicat,
788 3474 918 3520 carmen
948 3461 1061 3519 mrumb
1084 3454 1127 3518 ab
1153 3455 1199 3518 eis
1227 3475 1312 3542 quae

267 3571 363 3636 modo
385 3571 630 3636 recensebamus
651 3571 792 3657 disiungi
814 3595 877 3637 nou
900 3571 1001 3654 sinat,
1032 3571 1185 3659 qnoniam
1212 3574 1313 3637 mani·

266 3689 385 3754 festum
422 3698 471 3752 est
499 3687 660 3753 Catullum
688 3690 887 3775 temporibus
913 3688 1143 3774 posterioribus
1172 3689 1311 3755 lesbiae

267 3807 395 3893 ingenio
427 3825 503 3868 uero
522 3815 697 3892 perspecto
718 3805 795 3870 Allii
822 3805 877 3871 illa
903 3805 1009 3871 officia
1036 3829 1099 3870 non
1117 3795 1178 3870 ¹ita
1200 3800 1310 3890 magni

267 3923 508 3988 aestimaturum
536 3923 646 3987 fuisse.
702 3922 838 4008 denique
868 3945 996 3987 carmen
1027 3942 1152 3988 Lxxxvr
1185 3923 1312 4002 Quintia
