2970 4484
421 310 460 363 XI
493 311 741 365 mummulo
759 311 877 366 ovao
1122 313 1173 368 III

121 477 234 561 debeo,
265 489 364 544 tusum
383 478 579 544 choortibus
596 503 696 566 paene
715 482 845 558 uincor,
873 485 916 545 sic
940 501 1008 546 eum
1028 481 1176 546 iamim

119 607 175 671 est,
205 617 276 660 cum
298 607 326 660 te
346 619 404 660 nou
424 601 526 660 mistus
546 608 762 662 contemnerer
783 605 875 684 quom
896 595 1046 674 odissem,
1073 607 1175 662 tumeo

119 722 273 777 mamm
289 712 392 797 potius
411 735 504 798 quam
530 715 700 799 despectum
729 713 835 779 uellem
862 715 1016 780 dimittere.
1057 736 1120 800 qua
1139 735 1175 778 re

118 849 166 894 sse
186 828 243 893 tt'bi
261 830 338 894 hese
356 830 500 894 honorem
520 853 541 894 a
561 853 610 894 mc
629 829 739 895 tobei
755 829 838 914 forto
854 835 974 906 mirere,
995 831 1077 916 quod
1087 833 1173 896 tzur-

120 966 231 1030 royem
259 967 349 1032 quern
374 967 462 1010 uerso
494 969 666 1034 conpressu
692 969 781 1012 neure
806 948 894 1013 ads'tu
919 969 1007 1012 neme
1027 945 1174 1032 suffrag&

119 1081 212 1126 nerrrc
232 1061 355 1126 esseae
380 1085 467 1127 nemo
495 1064 563 1128 tuoe
588 1063 719 1151 dipnmss
742 1074 842 1148 putet,
872 1063 960 1130 nulla
987 1085 1036 1139 me
1063 1085 1174 1128 camec

118 1177 304 1262 sirpdsisst,
332 1181 393 1242 uisi
419 1189 452 1242 ut
472 1177 673 1264 sauciatum
703 1184 791 1244 istum
826 1191 910 1244 nsum
945 1181 1172 1266 ceuprs'tnerem.

119 1293 205 1358 besec
227 1291 267 1358 de
290 1293 421 1361 Vetinic
443 1295 591 1361 omnibus
613 1295 724 1362 odioso
746 1295 921 1379 sententis,
948 1295 1000 1360 cui
1022 1315 1063 1360 ex
1085 1295 1172 1361 locu·

117 1409 221 1476 tionis
240 1403 316 1475 ‘odii
329 1400 506 1477 Vstinisni'
523 1411 629 1478 forms
644 1413 851 1498 prouerbium
865 1410 1033 1478 redolente
1046 1410 1170 1501 sliquid

118 1525 277 1616 praesidii
291 1527 445 1592 secedere
458 1527 560 1596 uideri
574 1531 687 1616 possit,
698 1527 791 1594 isoile
806 1528 955 1596 omnibus
966 1528 1168 1616 probaretur,

118 1644 186 1710 uisi
206 1643 271 1710 slis
293 1665 365 1708 cum
386 1643 426 1710 sd
448 1646 679 1711 sententiarum
700 1667 852 1712 uersuum
877 1645 1020 1732 priorum
1041 1667 1169 1712 cursum

118 1771 192 1826 tum
213 1761 253 1826 sd
275 1759 375 1828 totius
396 1760 545 1828 carminis
568 1761 726 1827 rationem
755 1762 861 1850 sptior
883 1761 1056 1828 offerretur
1078 1786 1085 1827 ι
1105 1783 1170 1849 qus

118 1877 260 1964 probate
287 1872 406 1944 ‘odium
437 1872 654 1943 Vatinisnum'
679 1876 721 1944 de
754 1875 828 1942 odio
860 1899 924 1964 quo
954 1876 1105 1943 Vatinius
1135 1879 1169 1942 iu

120 1991 263 2060 Caluum
284 1993 407 2082 ipsum,
435 1993 476 2060 ad
498 2013 595 2081 quem
616 1991 763 2061 Getullus
785 1991 930 2080 scripsit,
950 1993 1103 2080 flsgrsuit
1123 1994 1169 2060 in·

119 2109 293 2198 tellegitcr.
335 2110 420 2178 hunc
447 2111 639 2176 seutentiam
665 2111 773 2177 fucere
800 2133 867 2176 nou
893 2131 1063 2199 possumus
1090 2112 1167 2200 quin

119 2249 196 2293 cum
216 2226 337 2316 Vulpio
365 2227 543 2315 Docringio
571 2227 775 2294 Froehlichio
797 2227 957 2294 Teuffelio
979 2227 1168 2315 Iungclsus·

120 2365 199 2411 senc
233 2354 363 2432 prester
397 2344 493 2410 eliam
527 2342 616 2410 illem
644 2345 828 2433 probemus.
885 2343 1032 2412 Catullus
1063 2343 1166 2412 Caluo

114 2453 191 2524 ‘nisi
222 2445 330 2526 nimio'
356 2460 463 2548 inquit
488 2453 545 2526 ‘tui
577 2481 687 2527 umore
709 2469 853 2543 tenerer,
875 2460 1013 2526 odissem
1034 2471 1067 2528 te
1088 2460 1165 2528 odio

119 2570 313 2642 Vatinisno'.
353 2575 455 2664 possit
481 2575 613 2666 quidem
641 2576 728 2664 (quis
749 2575 917 2662 dubitati)
938 2572 1057 2644 ‘odium
1079 2576 1167 2645 Veti-

120 2682 263 2759 nienum'
288 2691 417 2781 passius
448 2693 610 2780 intellegi,
637 2693 731 2760 sicuti
757 2689 903 2761 ‘crimine
925 2683 1106 2762 Vatinicns’
1132 2695 1165 2760 in

119 2811 263 2875 carmine
289 2809 389 2876 muI
415 2833 481 2877 non
509 2819 584 2876 sunt
609 2830 648 2877 cs
675 2831 758 2898 quse
776 2810 925 2878 Vatinius
953 2810 1080 2894 obiecit,
1108 2810 1165 2876 sed

120 2945 206 3014 quoe
227 2927 256 2992 ei
279 2925 407 2992 obiecta
427 2935 512 2994 sunt.
554 2927 611 2993 sed
632 2938 775 3016 potestas
796 2927 904 2994 uctiue
921 2949 1028 2996 nonne
1050 2927 1167 2992 cretio·

119 3043 153 3108 ni
174 3043 277 3110 multo
294 3044 399 3131 sptius
421 3043 715 3112 adcommodatur?
751 3066 860 3111 nonne
873 3045 962 3133 queli
974 3043 1047 3111 odio
1061 3065 1165 3131 poene

118 3159 304 3244 exmisuet,
324 3159 471 3230 Getullus
485 3160 588 3228 Osluo
610 3162 656 3228 itu
677 3162 798 3250 optime
820 3163 1040 3227 demonstssre
1060 3161 1166 3248 potuit

117 3285 155 3342 ut
174 3297 267 3342 suum
286 3278 396 3344 odium
418 3301 492 3344 cum
511 3276 586 3344 odio
602 3299 667 3367 quo
681 3278 829 3344 inimicus
844 3277 976 3366 quidum
990 3277 1165 3344 acerrimus

116 3403 151 3459 et
171 3395 320 3460 omnibus
339 3403 434 3461 notus
455 3395 541 3460 huuc
560 3415 597 3458 re
618 3414 697 3460 uere
717 3393 934 3460 insectsbetur
948 3392 1166 3480 conpareret?

115 3530 225 3576 nonne
246 3509 387 3598 denique
407 3511 489 3578 haec
510 3511 671 3578 sententis
690 3505 840 3576 ‘odissem
862 3511 968 3578 tetuli
990 3509 1064 3576 odio
1078 3509 1164 3597 queli

115 3627 266 3694 Vstiuius
292 3639 326 3695 te
347 3622 425 3694 odit’
445 3627 546 3694 multo
567 3626 681 3693 fortior
702 3635 752 3692 cst
773 3647 871 3715 quem
892 3627 996 3694 ultera
1015 3621 1164 3693 ‘odissem

112 3755 148 3812 te
175 3766 215 3810 eo
243 3743 318 3811 edio
347 3745 434 3833 quod
460 3765 570 3810 omnes
597 3743 630 3810 in
656 3742 821 3810 Vatinium
843 3737 1088 3832 susceperunt?
1130 3753 1164 3809 st

113 3860 297 3938 Geiuumne
324 3860 444 3926 scimus
475 3859 510 3928 in
540 3859 615 3926 odio
651 3859 775 3926 vatinii
808 3859 965 4024 iuiseelg*
990 3860 1069 3927 nihil
1104 3861 1163 3924 hcc
