3002 4490
273 323 323 376 880
569 320 646 372 xlm
681 321 729 372 DE
748 319 905 373 timim}
921 319 1020 372 uxvn

272 488 348 554 dum
379 487 514 574 uirginis
548 509 665 556 nomen
697 489 811 554 ssltom
823 537 832 571 ,
863 509 928 554 uon
958 487 1138 554 entitatem
1168 488 1320 570 hobebst,

272 606 388 672 ibidem
419 603 587 670 consueuit
607 629 615 669 ι
637 627 710 671 nam
738 606 832 671 huius
864 625 995 693 quoque
1022 603 1138 691 flagitii
1167 601 1321 670 testiflos·

269 723 391 788 tionem
422 722 519 788 ianus
546 719 692 788 Brixiam
720 722 862 810 postulat
889 721 943 808 (ol.
965 743 1048 786 uers.
1071 721 1111 786 31
1140 723 1232 808 otqasl
1257 745 1320 786 sou

271 839 366 902 soleam
387 839 455 904 doe
474 861 505 902 ss
526 837 600 902 ds'os't
621 842 767 922 coquitrou
789 838 923 922 dolere).
967 859 1031 927 quo
1047 839 1136 904 eirea
1156 837 1321 904 sententia
1458 885 1460 906 ι

271 975 382 1020 eorum
407 953 528 1020 corruit
555 954 611 1040 qui
641 953 780 1020 Balbum
801 957 847 1037 (u.
870 954 905 1036 3)
929 953 1061 1021 Gueeilii
1083 956 1130 1038 (ιι.
1152 953 1187 1038 9)
1209 953 1319 1020 meriti
1459 975 1460 1052 ᾗ

270 1079 393 1157 petrem
415 1071 515 1136 fuisse
536 1080 569 1136 ot
588 1092 661 1135 oum
683 1093 766 1136 nuru
788 1093 848 1136 sus
868 1093 937 1136 rem
957 1071 1107 1138 habuisse
1120 1071 1318 1136 existimant

269 1188 348 1252 haee
369 1187 453 1252 enim
468 1187 664 1275 Dosriugius
685 1187 719 1253 in
741 1187 891 1254 editionis
907 1189 1040 1254 minoris
1061 1209 1089 1276 μ
1110 1186 1317 1252 laudunus:

266 1325 418 1390 possessor
447 1305 553 1370 demus
586 1304 626 1370 de
654 1328 718 1392 qua
749 1327 849 1370 sumo
875 1317 917 1370 sst
940 1305 1001 1390 first
1021 1303 1152 1370 Bulbus.
1195 1305 1228 1369 σι’
1245 1303 1319 1389 fse't

262 1421 347 1504 filios
369 1418 528 1486 Ouses'ls'rss
548 1445 606 1488 rou
625 1443 809 1510 qermeurss,
832 1423 890 1488 sed
910 1435 942 1488 ut
961 1425 1079 1488 seusu
1099 1421 1267 1508 adoptivus
1287 1433 1318 1486 et

268 1537 363 1602 Bolds'
380 1537 478 1603 lssrss.
520 1537 568 1602 lu'o
595 1537 702 1604 Ιιαόιιίι
726 1561 864 1615 uuorsru,
891 1561 982 1626 quum
1002 1551 1102 1604 tumen
1122 1539 1160 1604 ob
1181 1543 1316 1624 eorporis
1460 1529 1461 1532 Ἴ

267 1653 467 1739 infirmdetem
491 1679 551 1720 son
571 1657 644 1740 s'pss
663 1660 794 1722 manure
815 1655 992 1731 omrem,
1027 1655 1086 1720 ssd
1111 1659 1175 1720 sius
1194 1677 1316 1739 por-eras

269 1771 395 1836 Bulbus
421 1777 528 1838 unon's
556 1774 620 1838 loeo
646 1773 761 1838 dolari.
803 1785 918 1839 murno
939 1772 1043 1838 Balbo
1065 1771 1196 1836 Cnsos'ls'r'
1220 1793 1314 1854 amor,

266 2003 348 2068 ultus.
392 2005 425 2068 ιἰι
446 2003 493 2069 lis
506 2004 640 2089 ,riserunt
660 2005 838 2072 Postumius
859 2007 1014 2072 Coraels'us
1034 2007 1206 2091 etquidem
1227 2007 1315 2069 dorso

267 2121 396 2208 leoque,
429 2122 517 2185 eurus
537 2143 646 2187 nomen
667 2123 818 2200 Guusllus,
848 2127 922 2210 quis
943 2127 1008 2188 rs'us
1028 2123 1126 2186 rubro
1146 2121 1314 2207 superstitis

267 2238 386 2318 tr‘mur't,
414 2238 537 2302 retlorsd
579 2237 612 2302 in
640 2239 690 2303 his
717 2261 814 2326 quam
845 2239 945 2304 multu
972 2238 1055 2306 falsa
1076 2238 1175 2304 insint
1194 2257 1313 2324 operse

265 2353 403 2440 pretium
424 2375 489 2420 uon
510 2364 559 2420 sst
581 2354 708 2420 dooere.
754 2354 922 2442 Doeringii
938 2353 1182 2442 peruersitatem
1196 2351 1313 2418 mirum

265 2481 385 2558 quuuto
407 2469 626 2538 Froehliuhins
647 2473 822 2559 superauit,
844 2473 898 2558 qui
919 2473 1001 2537 duos
1016 2471 1176 2536 Oseoiiios
1191 2470 1313 2536 Balbos

265 2597 390 2674 patrem
419 2597 452 2654 et
483 2589 600 2666 lilium,
626 2609 764 2676 quorum
785 2589 924 2675 priorem
947 2585 1095 2654 Catullus
1116 2586 1313 2672 cognomine

264 2705 400 2770 alterum
422 2706 551 2771 nomine
574 2705 738 2792 gentilicio
761 2703 981 2792 adpellauerit,
1002 2705 1036 2768 in
1051 2703 1193 2768 carmine
1211 2703 1313 2767 nomi·

263 2820 333 2886 nari
355 2821 529 2888 arbitretus
549 2843 614 2887 non
630 2832 696 2886 tam
712 2821 889 2888 Caecilium
906 2821 1041 2888 Bulbum
1057 2831 1184 2908 petrem
1199 2817 1313 2886 stetuit

263 2959 337 3004 oum
363 2957 446 3004 nuru
475 2937 673 3003 adulterasse
702 2958 799 3023 quam
829 2947 952 3024 putrem
984 2958 1173 3024 germanum
1198 2935 1311 3002 uxoris

262 3055 394 3122 Oseeilii
423 3054 518 3122 Bulbi
547 3053 602 3122 lilii
632 3077 704 3120 oum
734 3077 792 3120 suu
817 3053 917 3142 ipsius
942 3053 1010 3119 filis
1041 3055 1199 3120 inoestum
1226 3075 1311 3118 uom-

262 3172 396 3238 misisse.
459 3193 556 3259 quem
592 3193 719 3236 sensum
756 3182 792 3236 ut
835 3181 1044 3260 extorqueat,
1089 3169 1310 3236 Froshliehius

261 3309 374 3354 uorsus
402 3290 432 3355 5.
455 3289 484 3354 6.
505 3289 555 3354 23.
578 3289 629 3353 26.
651 3289 694 3354 30
721 3299 786 3354 tum
815 3286 954 3374 inperite
982 3298 1015 3353 et
1044 3286 1137 3353 foede
1166 3285 1310 3374 eorrupit

261 3414 298 3470 ut
340 3405 409 3471 eius
451 3404 656 3470 uriolstioues
698 3425 969 3488 commemorsre,
1006 3403 1126 3470 nedum
1168 3405 1309 3470 refistare

260 3522 397 3587 tsedest
439 3521 547 3608 paullo
570 3521 760 3609 prudentius
782 3521 1002 3589 Rossbachius
1029 3543 1097 3585 rem
1121 3520 1221 3608 gessit
1247 3541 1309 3586 neo

259 3649 366 3705 tamen
397 3640 441 3704 its
470 3650 506 3706 ut
528 3647 711 3706 commenta
741 3640 809 3704 eius
836 3637 967 3728 probari
997 3638 1131 3726 possint.
1175 3639 1230 3728 qui
1258 3640 1310 3704 uir

259 3755 374 3822 doetus
396 3755 565 3822 distichum
587 3757 718 3822 tertium
740 3755 967 3821 eoonieoturis
981 3755 1098 3842 purtim
1113 3755 1309 3822 Froehliehii

258 3869 375 3958 purtim
397 3871 463 3937 suis
484 3872 530 3938 ita
551 3871 689 3937 mutuuit
710 3897 717 3936 :
1192 3859 1200 3876 ’
