2920 4492
269 351 301 403 76
552 349 576 402 V
609 349 657 404 DE
674 351 853 406 Amomsvs
872 353 1025 407 cervum

266 517 413 584 conicere
434 539 624 606 possumus,
663 519 783 607 quippe
809 539 882 586 eum
913 519 976 585 fllia
1007 521 1205 607 temporibus
1237 545 1313 590 oum

266 633 417 700 honestae
444 635 585 700 {eminae
611 633 712 702 nobili
741 656 861 724 genere
881 649 972 704 ortae
991 637 1104 704 auidiis
1131 637 1313 706 litterarum

267 772 397 838 operam
417 750 530 818 darent
553 761 622 818 tum
636 751 725 818 leues
743 753 893 818 mulieres
914 753 1055 840 eleganti
1078 755 1216 842 quadam
1239 756 1313 823 doe·

264 867 351 933 trina
375 867 558 936 inlecebrae
580 870 652 935 loeo
675 879 843 936 uterentur
863 890 929 958 qua
949 870 1034 958 apud
1061 869 1149 938 uiros
1170 895 1206 938 se
1227 893 1311 940 eom·

264 984 455 1054 mandarant
467 986 523 1071 (ei.
541 985 725 1053 Drumanni
742 986 815 1053 bist.
831 987 925 1052 Rom.
942 1011 960 1053 ιι
975 988 1018 1054 50
1032 987 1223 1056 Mommseni
1235 989 1309 1055 hist

265 1103 359 1170 Rom.
379 1125 412 1170 ιιι
433 1104 521 1188 563).
564 1103 777 1171 oonlarendus
810 1104 922 1194 utique
951 1116 1000 1172 ast
1028 1105 1118 1172 loous
1147 1105 1188 1172 de
1218 1103 1310 1172 Sem·

264 1222 377 1308 pronia
407 1221 590 1288 notissimus
622 1221 675 1286 ille
711 1220 797 1309 apud
828 1219 1016 1289 Sallustium
1047 1221 1222 1306 (Catilinae
1241 1222 1309 1308 25),

264 1339 320 1424 qui
349 1347 437 1404 totus
465 1337 504 1406 de
529 1337 643 1407 Clodia
665 1359 794 1426 quoque
822 1339 961 1427 scriptus
983 1361 1052 1404 esee
1072 1339 1176 1407 uideri
1196 1340 1309 1426 poenit.

264 1453 435 1522 Sallustius
469 1456 569 1543 igitur
600 1457 660 1538 ait,
692 1456 768 1520 luae
802 1458 913 1522 mulier
938 1479 1049 1542 penem
1079 1468 1167 1544 acqua
1197 1456 1309 1543 smnus

263 1573 334 1637 us'ro
356 1623 362 1637 .
385 1619 393 1636 .
417 1623 424 1637 .
447 1575 526 1638 sotiis
554 1571 709 1657 fortunato
731 1595 742 1636 .·
762 1574 870 1638 littaris
898 1572 1031 1639 Graecei
1061 1585 1150 1660 atque
1182 1573 1309 1640 launa

263 1687 352 1754 doato
364 1713 376 1754 .·
389 1691 520 1773 psallere
541 1691 650 1754 saluere
664 1690 828 1774 elegantiae
843 1713 935 1776 quam
949 1711 1069 1756 necessa
1082 1703 1127 1756 eat
1134 1690 1251 1776 probae
1262 1691 1308 1776 '),

261 1807 357 1871 osuiu
378 1807 445 1872 aliu
467 1829 544 1893 qums
566 1809 767 1872 instrumenta
782 1808 919 1872 luxuriae
939 1817 1018 1872 runt.
1061 1805 1117 1872 aad
1137 1813 1164 1872 ei
1181 1809 1308 1874 rariora

262 1946 382 2009 semper
407 1925 510 1990 omnia
531 1947 625 2011 quum
644 1925 735 1988 demas
756 1937 845 2010 utque
864 1923 1022 2010 pudebitiu
1041 1923 1109 2011 filit
1128 1949 1138 1988 .·
1156 1931 1309 2010 pecorum

261 2063 303 2105 aa
323 2039 438 2126 suanae
458 2045 555 2106 misna
575 2054 714 2128 parceret
734 2041 819 2106 baud
840 2043 927 2117 facile
947 2044 1119 2107 dossum
1140 2042 1309 2109 :lubidine

261 2157 309 2224 aio
330 2160 464 2224 adcensa
491 2170 523 2222 ut
550 2163 672 2244 saepiae
692 2169 807 2244 peteret
827 2159 916 2224 uiros
937 2181 1027 2246 quam
1047 2171 1208 2243 peteretne.
1252 2163 1310 2225 aad

261 2297 299 2340 aa
319 2298 408 2360 saepe
434 2279 559 2341 antebac
577 2275 681 2362 fidem
697 2275 893 2362 prodsiierut,
929 2274 1073 2340 credulum
1100 2275 1307 2361 elimaverat,

261 2394 363 2458 caedis
386 2393 509 2458 nonaria
520 2393 649 2478 flerat,
671 2393 795 2458 luxuria
815 2405 904 2479 utque
924 2393 1029 2478 inopia
1047 2395 1200 2479 praecepa
1222 2395 1307 2460 abia·

260 2523 316 2574 rut.
358 2533 460 2576 ueram
490 2511 645 2598 ingenium
675 2515 738 2575 osias
764 2509 1036 2576 landohardum
1056 2532 1178 2595 :poaae
1197 2533 1308 2576 wasa

259 2625 384 2710 facere,
417 2629 519 2692 iocum
540 2651 677 2711 mouere,
713 2651 846 2693 ammone
867 2629 914 2692 ati
931 2629 980 2692 uel
999 2626 1133 2693 modesto
1152 2630 1202 2692 ast
1220 2629 1312 2695 molli

260 2743 311 2807 uel
337 2745 469 2830 proouei
501 2763 512 2808 .·
544 2766 673 2830 prorsus
708 2745 816 2808 ιιιιιὶιαο
842 2743 984 2830 sucetabe
1018 2745 1189 2832 maiusque
1223 2747 1308 2831 lepos

260 2862 368 2926 inerat.
412 2881 451 2924 en
474 2859 572 2926 habes
594 2861 737 2927 uiuidum
760 2859 895 2926 Clodiae
915 2860 1097 2948 imaginem.
1139 2871 1308 2948 praeterea

259 2977 340 3042 haeo
375 2975 475 3064 digne
508 2988 583 3043 sunt
622 3000 706 3066 quae
743 2989 942 3066 reputentur.
990 3001 1064 3044 oum
1093 2976 1240 3044 Catullus
1271 2978 1307 3046 in

260 3095 402 3160 carmine
452 3117 554 3162 xxxvi
603 3093 754 3163 Lesbiam
800 3107 910 3162 narret
954 3095 1153 3184 promisisse,
1210 3095 1238 3160 ai
1278 3095 1308 3162 is

262 3305 456 3314 -η-ι--ω-.

327 3439 354 3508 *)
370 3440 454 3492 Plana
479 3439 548 3490 idern
575 3439 662 3492 Sobel.
686 3440 752 3491 Bab.
780 3439 813 3490 ad
836 3456 872 3492 or.
899 3457 924 3507 p.
947 3439 1014 3492 beat
1039 3441 1073 3492 54
1094 3441 1142 3491 tte
1159 3456 1184 3506 p
1204 3443 1255 3494 804
1272 3441 1306 3494 ds

260 3533 355 3586 Clodia
381 3535 563 3597 quadrantaria
587 3541 676 3584 narrat·
693 3551 699 3583 :
718 3533 832 3585 Clodiam
855 3545 949 3586 ueteres
967 3535 1063 3587 Meroe
1086 3535 1190 3588 eadm
1207 3536 1308 3587 mdio-

259 3645 315 3680 rum
331 3629 413 3693 saissa
435 3627 548 3678 aarasots·
569 3629 699 3695 profusius
717 3637 739 3678 et
756 3628 934 3681 inmoderatius
952 3645 1027 3697 quam
1045 3638 1187 3680 matronam
1203 3629 1306 3681 dares-st.

259 3724 338 3774 etiam
366 3719 501 3784 Caelium,
527 3721 633 3772 Clodiae
660 3737 704 3784 per
730 3729 832 3788 tempus
856 3721 962 3786 aliquod
990 3729 1132 3772 amatorem
1156 3727 1182 3772 et
1208 3721 1307 3774 Catulli

260 3817 400 3879 aemulum,
419 3821 475 3867 arte
493 3815 605 3868 saltandi
623 3819 737 3868 maxime
755 3816 910 3868 excelluisse
926 3815 1044 3868 Maerob.
1057 3816 1109 3866 Sat
1121 3831 1141 3866 n
1161 3819 1192 3868 10
1209 3825 1307 3868 narrat.
