3002 4490
289 341 340 391 884
371 337 449 390 111ss
474 337 522 390 Du
540 337 678 390 numo
694 337 887 402 TORQVATO
904 337 951 390 m*
968 339 1067 392 vtum
1084 337 1338 394 AVRVNGVLEIA

289 503 435 593 singulae
462 527 535 570 oum
564 503 663 592 stirpe
689 527 746 570 uua
767 503 863 570 etiam
885 505 1059 592 separatim
1080 505 1335 593 ooniunguntur.

288 623 398 709 itaque
426 619 578 686 suffixum
605 643 649 686 ua
674 643 713 686 on
741 620 843 687 solum
865 622 898 685 in
919 621 1103 702 Auum-es,
1125 623 1158 688 in
1178 624 1335 690 Aur-oua

288 737 392 804 solum
413 737 565 804 suffixum
585 763 620 804 co
640 747 827 826 usurpatum
849 747 898 804 est
920 738 976 822 (oi.
994 739 1120 804 Aua-ter
1140 748 1173 805 et
1198 739 1334 807 Tus-oue

286 885 327 912 =
353 856 505 921 lbra-oua
525 856 565 921 os.
588 853 803 940 Touo-psol),
836 853 989 921 suffixum
1014 860 1042 922 io
1070 856 1217 935 unicum,
1243 859 1334 944 quod

286 993 383 1059 quam
398 983 467 1039 arte
487 993 560 1037 oum
579 971 807 1038 terminatione
827 973 875 1038 ea'o
896 973 930 1037 in
950 973 1117 1038 nominum
1139 973 1333 1040 Latinorum

286 1089 477 1156 formatione
504 1089 710 1156 ooniunotum
738 1090 838 1156 fuerit
865 1089 1062 1158 Ritsohelius
1096 1090 1151 1174 (de
1182 1077 1332 1178 aepulare

287 1205 617 1290 Furiosum,·Bonnae
630 1207 724 1291 1853)
736 1206 978 1290 demonstrauit,
995 1207 1028 1272 in
1039 1209 1175 1274 Aur-iao
1186 1208 1331 1296 adparet,

288 1325 352 1390 duo
381 1323 500 1390 suffixa
523 1347 566 1389 aa
594 1334 627 1390 et
654 1347 691 1390 oo
716 1325 750 1390 iu
771 1325 956 1406 mous,
987 1325 1018 1392 lo
1049 1334 1082 1390 et
1109 1330 1138 1390 ἑο
1157 1323 1334 1412 praemissa

148 1495 149 1500 ,
287 1439 393 1506 uocali
415 1439 532 1528 copula
544 1439 584 1505 in
606 1441 775 1523 Aaralaics,
796 1441 861 1506 tria
881 1439 1023 1529 deniquo
1042 1439 1161 1507 suffixa
1179 1463 1222 1506 aa
1243 1449 1332 1506 otoo

287 1569 320 1624 et
345 1560 392 1624 su
418 1557 452 1623 in
474 1556 668 1624 Amostae
694 1567 815 1624 extant.
864 1557 914 1624 his
943 1557 1092 1624 omnibns
1119 1557 1331 1624 consideratis

287 1684 319 1740 et
359 1675 526 1762 perpensis
572 1674 733 1762 scriptura
773 1675 986 1740 Amunoules'u
1025 1673 1236 1762 praeferenda
1273 1673 1332 1738 uni

287 1790 403 1877 cuique
450 1789 621 1857 uidebitur.
685 1801 792 1856 tamen
840 1789 900 1857 hao
950 1790 1141 1880 quaestione
1181 1791 1332 1856 absoluta

286 1907 493 1974 difficultates
521 1907 562 1973 de
589 1907 719 1974 nomine
750 1929 888 1995 sponsae
912 1887 989 1974 non
1011 1929 1122 1975 omnes
1150 1906 1331 1995 explioutae

286 2035 385 2091 sunu
411 2045 486 2090 nam
506 2047 579 2090 oum
601 2025 669 2090 solo
690 2023 819 2090 nomine
837 2023 1002 2112 gentilicio
1023 2024 1143 2113 patris,
1173 2023 1225 2092 oui
1253 2045 1331 2112 aog-

261 2161 403 2216 ¹nomen
435 2149 605 2230 paternum
639 2143 743 2207 rarius
778 2141 959 2225 addebant,
993 2143 1131 2209 feminae
1163 2141 1332 2209 Romanae

284 2267 461 2341 uterentur,
482 2259 514 2324 in
536 2257 657 2346 duplioi
678 2259 809 2325 nomine
823 2258 986 2346 gentilicio
1001 2259 1118 2326 Vinius
1134 2260 1203 2326 siue
1217 2258 1330 2326 Iuniae

284 2375 524 2444 Aurunculeiao
546 2373 747 2442 offendimus.
781 2397 847 2462 qua
863 2375 1054 2442 difficultate
1073 2375 1237 2442 intellecta
1251 2371 1330 2443 Soa·

283 2495 375 2582 liger,
407 2493 460 2559 oui
480 2491 641 2560 Krebsius
669 2493 725 2577 (da
744 2489 863 2559 Catulli
890 2491 1031 2559 carmine
1058 2492 1193 2581 nuptiali
1215 2491 1332 2558 Manlii

283 2621 316 2680 et
336 2610 456 2695 Iuliae,
478 2609 594 2677 Gissae
617 2609 698 2675 1813
719 2633 749 2698 p
774 2611 827 2695 15)
859 2619 891 2676 et
920 2607 1065 2698 Silligins
1097 2608 1329 2694 adsentiuntur,

282 2749 399 2795 nomen
430 2729 568 2795 alterum
599 2726 773 2815 adoptione
805 2742 954 2814 sponsam
985 2736 1115 2794 neotum
1143 2749 1216 2794 esse
1245 2728 1331 2795 bene

282 2844 427 2912 oonieoit.
471 2845 526 2933 qui
552 2844 637 2912 idem
659 2843 914 2911 Aurunculeium
933 2867 954 2910 a
975 2843 1072 2911 Vinio
1101 2843 1242 2931 quodum
1271 2845 1329 2910 ad-

282 2971 425 3049 optatam
453 2983 524 3026 esse
549 2961 668 3027 roudus
698 2962 811 3028 statuit
836 2983 933 3050 quam
954 2961 1112 3028 Krebsius
1136 2962 1265 3030 Viniam
1285 2963 1330 3026 ab

281 3077 500 3146 Aurunculeio
511 3078 698 3166 adoptatam
712 3101 784 3144 essa
798 3079 978 3146 arbitratus
1010 3073 1151 3168 na'mque
1168 3079 1329 3167 scaligeri

281 3197 440 3264 sententia
447 3217 543 3263 uersu
554 3205 646 3262 sexto
655 3196 780 3262 deoimo
790 3197 911 3284 optime
920 3195 1112 3264 defenditur.
1134 3207 1231 3285 poeta
1240 3197 1328 3262 enirn

281 3313 410 3381 nomina
426 3315 537 3403 sponsi
553 3325 586 3381 et
606 3335 742 3402 sponsae
759 3314 897 3402 primum
911 3313 1129 3402 adpellaturus
1144 3335 1182 3380 ea
1195 3314 1329 3380 nomina

280 3431 398 3518 quibus
427 3431 475 3499 illi
504 3431 630 3518 publioe
659 3441 691 3497 et
719 3432 812 3520 quasi
846 3432 976 3519 proprie
1010 3434 1184 3500 utebantur
1215 3430 1330 3498 debuit

280 3550 511 3638 pronuntiare:
527 3569 665 3636 sponsae
679 3559 787 3615 autem
802 3570 920 3614 nomen
935 3547 1113 3636 pristinum,
1131 3529 1327 3636 quamquam

280 3664 513 3732 cousuetudine
539 3665 689 3732 familiari
716 3666 852 3733 fortasse
879 3675 1039 3732 retentum
1066 3667 1123 3752 (of.
1143 3665 1328 3734 Drumanni

280 3783 310 3846 h.
334 3781 375 3848 R„-
396 3805 416 3847 n
437 3785 489 3849 44.
510 3783 573 3849 566
603 3805 645 3848 un
668 3783 728 3848 176
748 3805 770 3847 v
791 3783 866 3866 88),
899 3793 1006 3886 tamen
1038 3783 1071 3849 in
1107 3805 1167 3850 usn
1198 3783 1326 3871 publioo

281 3897 438 3965 abolitum
465 3900 573 3987 priore
601 3899 672 3965 looo
703 3921 741 3964 eo
775 3901 880 3966 minue
911 3900 1078 3968 nominare
1107 3903 1233 3989 potuit,
1260 3925 1326 3989 quo
