2920 4492
418 373 471 427 1111
506 373 555 428 DE
573 373 752 428 muamus
770 371 922 428 carnut
1165 371 1198 426 66

147 541 346 629 amplificare
379 539 493 608 solitus
515 542 704 609 abuteretur
724 550 761 607 ut
780 541 1004 628 pronuntiaret
1024 539 1198 605 Fonteium

147 655 359 745 adoptantem
394 679 454 745 per
493 667 632 724 aetatem
676 655 783 724 Clodii
818 657 962 746 adoptati
996 655 1096 722 filium
1129 675 1199 721 esse

147 774 305 863 potuisse.
360 793 425 863 quo
456 775 561 840 minus
593 785 700 840 autem
738 774 801 840 illis
830 775 910 840 locis
940 775 1014 839 freti
1046 772 1197 840 Clodium

148 891 237 979 prius
258 891 363 956 lucem
384 888 503 956 uidisse
524 891 733 974 arbitremur,
755 899 884 978 praeter
905 911 1006 954 annos
1027 888 1198 977 magistra-

146 1019 237 1073 tuum
274 1005 380 1076 Clodii
416 1007 518 1094 ipsias
553 1006 629 1073 enni
671 1005 916 1093 magistratuum
957 1005 1093 1071 fratrum
1129 1005 1198 1070 eius

146 1124 267 1213 optime
294 1125 380 1190 inter
412 1143 446 1189 se
476 1123 709 1190 concordantes
741 1123 881 1189 obstant.
924 1132 1071 1188 tenemus
1097 1123 1199 1208 igitur

146 1239 185 1306 P.
208 1239 360 1308 Clodium
381 1262 467 1306 anno
489 1240 607 1318 661193
627 1249 737 1306 natum
760 1261 841 1306 esse.

230 1356 268 1425 Si
289 1357 390 1444 igitur
411 1357 542 1445 Appius
563 1381 591 1423 a.
614 1355 731 1434 667197
754 1354 858 1423 Gaius
879 1377 908 1423 a.
923 1355 1041 1432 658196
1062 1353 1196 1454 Publius

145 1496 175 1540 a.
196 1473 316 1552 661193
335 1473 404 1540 nati
425 1483 516 1555 sunt,
550 1472 635 1539 iuter
666 1495 769 1538 annos
796 1473 921 1566 natales
949 1471 1014 1539 Gai
1034 1482 1068 1537 et
1090 1471 1196 1538 Publii

145 1587 335 1658 Glodiorum
349 1591 471 1656 biennii
486 1590 691 1656 interuallum
707 1589 806 1655 fuisse
827 1587 970 1678 adparet
1014 1609 1079 1678 quo
1101 1588 1196 1654 inter-

146 1705 234 1771 uallo
248 1705 393 1774 Clodiam
410 1706 670 1796 quadrantariam
695 1705 756 1788 uel,
778 1715 815 1772 ut
833 1705 999 1772 honestius
1014 1705 1195 1793 loquamur,

145 1820 301 1888 Lesbiam
323 1822 443 1890 Catulli
471 1833 581 1888 natam
612 1843 682 1889 esse
711 1821 858 1910 equidem
882 1819 1089 1904 crediderim,
1121 1841 1195 1886 cum
1313 1815 1315 1822 ’

147 1961 254 2028 neque
287 1940 460 2028 quicquam
492 1941 609 2028 probet
635 1961 706 2006 eam
738 1939 847 2026 Appio
881 1948 913 2004 et
934 1938 1020 2004 Gaio
1041 1937 1196 2005 fratribus

146 2067 226 2122 natu
248 2055 401 2122 maiorem
423 2056 531 2140 fuisse,
554 2067 586 2122 et
605 2055 714 2121 multis
735 2057 840 2138 rebus,
863 2055 959 2122 etiam
982 2055 1009 2120 si
1031 2053 1195 2122 aGatullo

146 2172 242 2260 plane
264 2171 474 2256 discedimus,
507 2173 574 2237 ueri
602 2173 706 2238 simile
736 2172 889 2240 reddatur
910 2171 1055 2238 Clodiam
1078 2171 1195 2236 Publio

144 2289 241 2356 fratri
262 2309 329 2354 uon
350 2289 449 2354 multo
473 2297 579 2356 aetate
601 2289 821 2356 antecessisse
863 2308 968 2376 neque
982 2287 1044 2354 hoc
1058 2310 1195 2376 usquam

145 2416 307 2473 narratur.
351 2405 422 2495 quia
443 2405 528 2472 enim
551 2418 601 2472 est
616 2427 712 2492 quem
734 2404 813 2472 illud
835 2405 1022 2471 Tullianum
1038 2408 1196 2492 preconem

147 2520 315 2606 (Publium
353 2519 518 2608 Clodium)
561 2545 631 2588 erun
663 2523 779 2588 mam
824 2545 925 2588 terere
965 2525 1115 2588 αιόιϊαεει
1150 2521 1196 2588 ita

146 2636 290 2704 offendat
305 2649 340 2703 ut
355 2636 501 2705 Clodiam
527 2637 702 2705 arbitretur
723 2638 830 2704 multis
844 2641 937 2705 anuis
952 2637 1068 2706 Clodio
1089 2649 1195 2706 aetate

145 2753 372 2844 praestitisse?
414 2755 543 2843 quaudo
573 2754 702 2842 quidem
733 2756 766 2820 iu
787 2765 900 2844 aperto
922 2765 1012 2821 esta
1038 2754 1195 2823 Cicerone

145 2871 203 2938 illo
230 2871 303 2938 loco
330 2895 388 2960 per
417 2871 552 2938 buniam
582 2871 734 2938 Publium
764 2873 941 2960 puellulam
974 2873 1084 2938 fictum
1112 2893 1193 2955 esse,

146 3009 244 3076 quem
267 3011 325 3076 pro
346 2986 483 3075 pueritia
504 2987 740 3054 timidissimum
761 3011 866 3076 neque
888 2989 993 3054 solum
1013 2988 1119 3054 iacere
1140 3010 1194 3054 au·

145 3103 277 3169 dentem
305 3103 525 3170 misericordia
553 3113 642 3170 mota
673 3104 788 3171 Clodia
819 3105 905 3192 apud
938 3126 973 3170 ae
1003 3117 1194 3193 pernoctare

144 3243 243 3308 passa
264 3219 316 3286 sit.
360 3241 468 3286 nonne
486 3219 631 3286 similiter
657 3219 694 3287 P.
711 3220 861 3288 Clodium
882 3243 965 3287 enno
980 3221 1106 3300 693161,
1129 3245 1193 3311 quo

144 3337 172 3401 is
194 3335 401 3424 trigesimum
422 3337 537 3404 aetatis
558 3359 678 3403 anuum
700 3337 763 3403 iam
787 3359 937 3426 egressus
958 3349 1044 3420 erat,
1076 3336 1192 3406 (licere

144 3453 201 3535 (ad
222 3453 323 3518 Attia
346 3477 354 3517 ι
379 3453 418 3518 16
441 3454 493 3538 10)
515 3448 693 3519 ‘Pulcellum
713 3445 853 3540 pueram'
873 3453 1050 3522 nominauit
1072 3455 1127 3538 (cf.
1151 3455 1192 3522 ad

143 3572 210 3636 Au
234 3593 254 3634 rr
280 3569 318 3634 18
337 3567 405 3653 311
447 3569 557 3658 itaque
589 3569 667 3636 nihil
688 3571 812 3658 inpedit
833 3594 897 3658 quo
919 3573 1024 3638 minus
1046 3571 1191 3640 Clodiam

142 3685 407 3774 quadrantariam
439 3708 523 3754 anno
552 3687 670 3764 669195
696 3689 750 3756 uel
781 3709 810 3753 a.
839 3689 957 3767 660194
987 3700 1095 3755 natam
1123 3711 1193 3755 osse

142 3803 325 3870 credamus.
380 3825 463 3889 quae
494 3813 661 3891 praeterea
692 3805 732 3871 de
765 3804 882 3873 Clodia
913 3808 1086 3872 memoriae
1121 3829 1192 3892 pro·

141 3919 207 3988 dita
263 3929 341 3986 suut
383 3919 557 3986 maximam
599 3931 726 4011 partem
769 3921 801 3988 in
837 3922 1003 3990 Ciceronis
1039 3919 1192 3990 Caeliana
