3002 4490
313 357 364 408 118
514 353 566 406 xn
600 353 649 406 DE
666 351 773 406 curum
789 349 990 406 floreffiolo
1008 351 1162 406 usuveto

314 519 454 587 dandum
483 519 572 608 qnod
599 539 776 608 pronomen
803 529 830 583 te
852 517 885 586 in
907 537 1004 586 uersu
1025 541 1110 584 nono
1132 519 1287 586 omissum
1309 521 1359 606 sit,

195 698 197 704 ,
314 659 387 704 oum
413 637 507 725 plane
536 637 647 704 eadem
668 635 793 702 ratione
813 633 847 700 id
867 634 900 700 in
921 655 1017 700 uersu
1039 636 1076 699 ll
1098 647 1130 700 at
1149 647 1226 702 rorte
1245 660 1360 726 serpet

304 755 424 821 amodo
443 753 627 821 reticeatur.
671 773 729 818 our
749 761 857 818 autem
879 772 992 819 uersus
1007 751 1053 818 illi
1068 773 1127 817 sex
1140 751 1253 818 sedem
1268 775 1360 820 suam

311 873 467 938 mutarint
493 871 646 938 adcurate
674 868 826 958 explicari
852 868 988 956 nequit:
1009 869 1065 935 sed
1087 891 1160 936 oum
1180 870 1259 936 alibi
1283 893 1360 960 quo

312 1009 375 1077 qne
404 987 438 1054 in
474 987 557 1054 libro
591 985 711 1054 Catulli
743 1007 855 1052 uersam
888 984 994 1053 alieno
1027 986 1100 1052 loeo
1144 984 1240 1074 positi
1286 987 1359 1070 sint,

312 1127 392 1172 caue
413 1127 454 1172 ne
475 1101 568 1169 nimis
589 1103 651 1169 hae
671 1125 707 1169 re
731 1102 913 1169 sollicitere.
957 1124 1068 1168 uersas
1089 1101 1135 1168 illi
1160 1125 1233 1170 eum
1248 1105 1359 1170 neseio

312 1243 376 1310 quo
398 1243 476 1287 oasa
497 1221 569 1286 loeo
590 1241 648 1284 sno
667 1218 753 1307 pulsi
779 1229 901 1301 essent,
923 1217 1040 1286 alieubi
1063 1218 1202 1306 margini
1227 1221 1360 1308 ascripti

310 1339 411 1404 fuisse
432 1335 592 1418 uidentur,
614 1335 725 1418 donee,
748 1357 821 1401 eum
842 1335 882 1402 de
903 1334 1010 1402 fratris
1029 1345 1132 1402 morte
1147 1345 1264 1415 essent,
1286 1337 1359 1404 loeo

311 1475 376 1542 quo
407 1453 586 1520 desudem
613 1474 649 1518 re
671 1465 861 1540 quereretur
888 1463 986 1541 poete
1007 1453 1234 1520 insererentur.
1277 1453 1358 1521 haee

311 1592 409 1659 quarn
437 1569 573 1658 exposui
601 1567 714 1636 Haasii
745 1571 931 1636 coniectura
962 1569 988 1635 si
1018 1569 1084 1636 iam
1115 1579 1184 1636 tum
1217 1591 1291 1636 eum
1324 1572 1357 1638 in

311 1689 417 1775 eapite
448 1697 563 1754 octauo
596 1687 636 1752 de
665 1697 770 1754 morte
800 1685 910 1753 fratris
942 1684 1063 1754 Catulli
1094 1687 1284 1755 dissererem
1315 1688 1358 1756 ad

310 1804 459 1871 notitiam
480 1827 584 1871 meam
605 1803 765 1888 uenisset,
794 1825 860 1870 non
890 1804 980 1871 nulla
1007 1805 1100 1871 aliter
1120 1802 1258 1870 dieenda
1278 1805 1358 1872 mihi

310 1920 461 2003 luissent,
489 1921 576 2008 quod
599 1917 771 1986 adnotasse
792 1918 867 1986 satis
888 1921 1010 2003 habeo,
1033 1942 1104 1985 oum
1126 1919 1276 2008 longiore
1297 1920 1359 1987 dis·

309 2037 476 2124 putatione
497 2037 655 2102 derebus
677 2035 808 2103 minutis
829 2036 892 2102 illia
915 2058 996 2124 opus
1018 2058 1082 2102 non
1106 2035 1156 2103 sit.

371 2151 462 2218 Nihil
475 2153 582 2240 igitur,
593 2161 631 2218 ut
640 2151 815 2240 disputatio
826 2153 956 2220 tendmn
968 2152 1138 2242 aliquando
1150 2151 1262 2219 redeat
1272 2153 1358 2221 unde

309 2291 440 2356 egressa
451 2279 509 2352 est,
520 2269 552 2335 in
565 2268 707 2336 earmina
719 2289 788 2336 axv
797 2269 1049 2359 reperiturquod
1057 2269 1358 2338 amicitiamCatulli
1468 2287 1471 2298 “

310 2397 342 2454 et
362 2385 531 2453 Hortensii
552 2385 737 2453 interiorem
754 2387 852 2453 fuisse
868 2388 995 2475 probet.
1034 2408 1139 2475 neque
1161 2399 1246 2454 esset
1270 2388 1358 2477 quod

309 2501 343 2569 in
366 2504 616 2591 reprehensione
638 2505 814 2571 carminum
830 2503 996 2570 Hortensii
1011 2505 1043 2570 in
1061 2505 1203 2571 carmine
1218 2525 1358 2570 Lxxxxv

310 2621 400 2687 faeta
420 2621 662 2688 offenderemus.
707 2631 820 2688 eontra
846 2621 909 2686 alia
938 2643 979 2686 ex
1001 2631 1092 2710 parte
1113 2621 1282 2708 grauiores
1303 2620 1359 2687 du·

310 2735 482 2804 bitationes
513 2738 553 2803 de
580 2737 759 2805 Hortensio
789 2737 823 2804 in
855 2761 950 2805 uersu
982 2738 1078 2804 tertio
1107 2748 1358 2806 commemorato

311 2865 490 2919 mouentur.
533 2876 616 2942 quae
646 2856 761 2943 quales
788 2854 851 2921 sint
879 2855 992 2921 melius
1021 2853 1138 2943 exponi
1168 2855 1303 2943 poterit,
1330 2857 1358 2921 si

311 2991 441 3038 carmen
463 2979 566 3036 totum
589 2979 684 3036 antea
705 2992 809 3058 usque
830 2969 871 3037 ad
892 2971 988 3037 finem
1009 2971 1275 3038 enarranerimus.

371 3085 455 3153 Inde
484 3088 525 3153 ab
557 3089 653 3154 tertio
686 3087 836 3153 carminis
867 3106 1004 3153 Lxxxxv
1034 3085 1172 3154 disticho
1211 3086 1359 3154 Catullus

310 3204 475 3292 Zmyrnae
497 3202 633 3290 gloriam
654 3225 757 3292 usque
778 3203 819 3270 ad
841 3211 943 3270 terras
964 3203 1192 3271 remotissimas
1213 3215 1359 3293 penetra-

310 3331 416 3388 turum
440 3328 473 3386 et
493 3341 551 3406 per
578 3321 708 3387 saecula
735 3320 836 3386 multa
864 3321 1050 3389 duraturam
1077 3345 1147 3388 esse
1167 3331 1357 3409 auguratur,

312 3437 436 3504 Volusii
458 3447 572 3503 eontra
592 3437 724 3504 annales
746 3438 884 3525 patriam
906 3459 1081 3526 numquam
1103 3461 1291 3526 egressuros
1312 3441 1358 3507 ait

311 3553 474 3621 obliuione
484 3563 610 3622 matura
622 3575 661 3620 ae
674 3554 788 3620 merita
802 3554 951 3622 obrutum
966 3555 1016 3622 iri.
1039 3555 1079 3623 de
1095 3579 1243 3624 nanuum
1252 3557 1356 3647 quinti

312 3680 345 3738 et
366 3671 495 3757 septimi
520 3671 678 3759 scriptura
705 3683 779 3760 post
799 3673 935 3760 Hauptii
962 3673 1194 3760 disputationes
1217 3675 1356 3762 (quaest.

310 3787 428 3858 catull.
459 3811 492 3878 p.
514 3789 555 3856 97
584 3798 617 3855 et
644 3789 770 3856 obseru
792 3790 861 3856 orit.
882 3812 915 3878 p.
937 3793 964 3854 1.
985 3789 1021 3875 2)
1047 3791 1185 3859 dubitari
1215 3791 1355 3878 nequit:

310 3905 465 3995 Vngerus
480 3906 520 3974 de
532 3905 650 3994 Valgia
664 3928 697 3994 p.
710 3905 774 3974 470
795 3916 828 3974 et
840 3907 881 3975 de
895 3906 1038 3975 Tanusia
1053 3909 1195 3976 Gemino
1206 3932 1237 3996 p.
1250 3909 1299 3976 12.
1316 3909 1356 3974 13
