2970 4484
294 367 345 419 180
494 363 571 416 vm!
605 365 654 418 DE
674 365 833 418 CAESARE
851 365 897 416 ΕΤ
913 363 1144 418 annullamus

292 531 348 598 illa
359 533 443 598 onim
454 533 630 598 contractio
640 534 717 599 satis
728 530 829 598 facilis
841 544 873 598 et
882 531 991 597 multis
1001 531 1192 620 idoneisque
1202 530 1342 598 aliorum

293 659 461 738 poetarum
476 649 632 737 exemplis
648 649 780 733 munita,
795 649 874 714 haec
888 671 966 715 uero
982 647 1152 714 durissime
1168 658 1200 714 et
1215 670 1233 713 e
1247 650 1342 730 ruris,
1467 715 1468 720 ,

274 765 390 833 immo
413 789 431 831 e
452 757 621 832 rarissimis
642 777 737 833 esset.
780 787 919 854 namque
940 789 983 832 ex
1003 765 1157 854 exemplis
1172 765 1342 852 syniaesis,

293 905 376 970 quae
408 881 624 950 Schneiderns
657 887 841 972 (grammat.
870 885 943 950 Lat.
974 907 991 949 ιι
1020 883 1076 967 89)
1110 883 1340 950 Lachmunnus

293 998 552 1084 (adLuoretium
574 1023 604 1089 p.
621 1000 670 1067 72.
694 1003 763 1066 114.
789 1001 857 1066 115.
881 1003 948 1068 130.
972 1002 1046 1086 193)
1069 999 1260 1068 Gorssenius
1282 1000 1340 1084 (de
1467 993 1468 1008 l

292 1127 442 1206 pronunt
464 1119 565 1185 uocal.
582 1127 702 1184 occant.
723 1117 801 1206 ling.
815 1117 889 1186 Lat
912 1143 930 1184 ιι
955 1119 1028 1202 168)
1052 1119 1215 1184 Lucienus
1236 1117 1341 1184 Muel-

290 1233 377 1300 lerus
399 1235 454 1313 (de
475 1258 511 1300 re
530 1244 624 1302 metr.
646 1259 675 1324 p.
690 1236 766 1320 256)
789 1259 807 1301 e
828 1235 1021 1302 carminibus
1039 1243 1209 1324 poetarum
1225 1257 1339 1301 eorum

290 1351 347 1440 qui
376 1375 447 1417 oum
471 1350 597 1418 Catullo
626 1355 659 1418 in
689 1365 758 1419 arte
785 1355 889 1442 poesis
916 1354 1084 1440 conparari
1105 1363 1241 1441 possunt
1263 1376 1337 1420 oon·

289 1469 458 1556 legerunt,
491 1468 601 1535 uidere
629 1471 706 1536 licet
735 1471 874 1558 primum
904 1473 1053 1559 exempla
1081 1468 1148 1536 eius
1179 1471 1337 1556 syniuesis
1375 1490 1378 1498 ·

289 1607 372 1673 quae
393 1587 403 1650 i
425 1584 530 1653 uocali
551 1598 626 1654 ante
648 1611 668 1652 a
689 1590 834 1654 uocalem
851 1589 1085 1677 pinguescente
1101 1587 1138 1653 fit
1157 1609 1232 1652 rara
1254 1609 1337 1669 esse,

288 1702 452 1770 rarissima
474 1715 591 1789 autem,
615 1707 690 1793 qnia
712 1705 880 1771 durissima
901 1716 986 1789 sunt,
1008 1708 1076 1772 eius
1099 1705 1247 1792 exempla
1264 1726 1336 1770 esse

289 1819 322 1886 in
344 1842 409 1907 qua
429 1819 440 1886 i
461 1821 600 1889 litteram
622 1823 861 1910 pinguefactam
884 1822 1008 1910 syllaba
1027 1834 1083 1888 eut
1096 1822 1218 1888 uocalis
1233 1821 1336 1888 cuius·

289 1935 363 2003 dam
385 1939 529 2024 pondere
550 1951 606 2006 aut
627 1941 870 2006 consonantium
893 1939 1094 2028 conplurium
1116 1938 1334 2028 inpedimento

288 2055 444 2142 producta
474 2056 638 2144 praecedit
673 2067 771 2146 atque
806 2057 926 2123 uocalis
961 2069 1077 2123 natura
1117 2058 1217 2144 longe
1259 2059 1334 2124 sub·

288 2172 443 2260 seqnitur.

370 2287 520 2378 Exempli
552 2291 620 2356 eius
653 2293 738 2378 quod
773 2291 818 2356 illi
849 2293 1029 2380 Formyimus
1060 2290 1253 2357 simillimum
1284 2305 1334 2360 est

288 2405 506 2491 Marcelliano,
535 2407 622 2495 quod
644 2406 908 2474 Schneidewinus
938 2408 1021 2496 apud
1043 2407 1227 2474 Martialem
1249 2433 1269 2476 11
1291 2409 1333 2474 29

212 2517 217 2528 '
287 2527 308 2592 5
329 2527 492 2591 ostreola
513 2537 570 2590 toto
586 2528 715 2611 propalo
736 2550 821 2592 como
836 2525 1042 2592 Marcelliano
1063 2525 1221 2608 tolerauit,
1243 2527 1333 2593 nulla

286 2641 367 2708 fides
389 2664 459 2709 esse
480 2653 597 2730 potest,
619 2665 691 2708 cum
712 2644 872 2732 scriptura
889 2645 968 2710 hacc
983 2644 1052 2710 sine
1066 2644 1165 2710 dubio
1180 2655 1333 2734 corrupta

286 2760 352 2844 (uel
367 2759 440 2826 ideo
462 2759 549 2849 quod
562 2761 722 2826 Martialis
736 2784 912 2849 numquam
927 2761 1003 2829 alibi
1018 2763 1028 2828 i
1043 2763 1190 2828 accolam
1204 2763 1238 2826 in
1259 2785 1332 2828 con·

286 2898 397 2942 eonem
432 2876 644 2964 pinguescere
680 2877 769 2963 siuit)
804 2879 966 2946 reiciendo
1000 2891 1032 2946 et
1064 2902 1138 2944 cum
1171 2879 1331 2948 Salmasio

286 2991 449 3061 Sorinerio
472 2995 543 3060 aliis
559 2995 751 3061 Marcellano
771 2995 945 3082 legendum
966 2997 1008 3063 sit
1030 2999 1085 3082 (cf.
1101 2997 1140 3063 L.
1156 2997 1331 3064 Muellerus

285 3111 325 3177 de
353 3133 388 3176 re
416 3121 507 3176 metr.
535 3136 566 3201 p.
590 3113 678 3195 256).
719 3113 838 3178 rectius
872 3113 1002 3201 quidem
1033 3113 1111 3182 illud
1142 3113 1331 3181 Formianos

283 3227 487 3317 trisyllabum
513 3229 694 3297 Horatiano
722 3229 928 3320 alademjotor
955 3230 1085 3297 defendi
1114 3232 1245 3320 possit:
1275 3231 1330 3296 sed

283 3347 422 3434 primum
443 3349 523 3414 hacc
545 3348 701 3435 syniaesis
721 3370 760 3414 eo
782 3348 921 3437 quodam
936 3349 1032 3414 modo
1056 3363 1229 3414 excusatur
1244 3349 1330 3438 quod

282 3464 316 3530 in
337 3474 519 3531 saturarum
540 3465 630 3531 libris
652 3469 674 3548 (ι
697 3465 715 3530 7
737 3465 804 3550 30),
824 3465 857 3530 in
882 3465 997 3554 quibus
1021 3475 1118 3555 poeta
1138 3489 1156 3532 a
1178 3487 1329 3532 uersuum

283 3580 455 3648 seueritate
475 3580 650 3670 plurimum
671 3581 814 3666 recessit,
835 3585 1005 3671 reperitur,
1027 3583 1143 3648 deinde
1163 3581 1234 3671 ipsa
1254 3584 1329 3650 mol·

281 3699 342 3764 lior
364 3721 459 3787 quam
480 3698 580 3765 altera
602 3701 656 3766 illa
678 3699 880 3766 eohabonda
896 3702 1046 3789 estquod
1062 3703 1070 3766 i
1086 3701 1328 3789 pinguefactam

282 3837 347 3882 uns
368 3825 492 3882 tantum
514 3817 623 3882 littera
644 3839 785 3886 consona
806 3817 979 3905 praecedit.
1012 3855 1052 3868 -
1083 3841 1166 3907 quae
1187 3842 1263 3885 oum
1284 3819 1329 3885 ita

285 3933 350 4001 sint
356 3981 367 4018 ,
398 3931 617 3999 coniecturam
651 3933 758 4016 illam,
793 3933 940 4021 quamuis
971 3936 1116 4022 speciosa
1145 3939 1207 4021 sit,
1238 3935 1328 4003 uides
