3002 4490
548 341 612 394 ¹111
646 343 694 394 DE
710 340 910 394 conmittere
1198 335 1247 388 29⁹

207 521 320 599 poetss
339 511 545 576 nominatum.
589 507 727 576 Ouidius
743 505 827 574 enim
846 505 923 572 illud
945 518 973 572 st
989 505 1148 572 &monos
1161 501 1250 570 tntu

207 628 302 694 multu
315 632 413 694 iocoso
437 626 513 692 tiber
540 624 695 713 exemplis
709 623 994 705 demonstraturus,
1016 631 1131 709 postea
1151 641 1248 710 quam

207 753 338 833 praeter
366 743 445 810 ulios
469 741 632 810 Catullum
653 739 789 809 Caluum
811 739 958 808 Ticidam
979 737 1166 832 Memmium
1194 759 1249 804 no-

205 860 357 944 minsuit‚
389 860 437 926 bis
458 860 595 947 pergitr
618 859 718 926 (boso
737 881 855 947 quoque
876 857 925 923 λὺ
947 880 1047 924 comer
1068 868 1113 924 eet
1134 853 1248 924 Oineo-
1269 925 1271 928 .

206 1001 263 1067 qus
282 979 444 1064 mosombr
465 978 565 1043 Anser
586 987 615 1042 et
632 977 699 1042 leus
721 975 1002 1062 Oomficiporpsu
1024 973 1146 1040 Ontonia
1165 996 1248 1060 opus.

206 1093 373 1163 Cornificii
407 1093 710 1181 hendecasyllabum
738 1091 923 1158 Macrobius
959 1091 1139 1177 (Saturnsl.
1161 1113 1192 1156 vr
1214 1089 1250 1173 4)

206 1211 365 1295 scrusuit,
397 1211 481 1276 idem
504 1213 550 1294 (vr
570 1211 607 1295 b)
636 1211 842 1277 hexametros
869 1209 951 1276 duos
972 1230 1014 1276 ex
1034 1207 1176 1274 carmine
1197 1207 1249 1274 cui

207 1327 333 1396 Glauco
344 1349 460 1395 nomeu
470 1327 541 1410 tuit,
551 1326 638 1416 quod
650 1325 756 1396 nescio
769 1349 810 1392 an
823 1349 895 1393 cum
907 1325 1027 1394 Catulli
1043 1324 1248 1413 epitbelsmic

207 1444 291 1535 quod
319 1456 438 1512 uocant
458 1444 547 1512 Pelei
568 1454 602 1511 et
621 1444 769 1544 Thetim
797 1467 838 1511 an
870 1467 943 1510 cum
965 1441 1089 1510 Cinnae
1109 1441 1251 1530 Zmyme

206 1585 247 1630 su
270 1585 343 1628 cum
365 1563 403 1629 Io
418 1559 512 1629 Calui
533 1562 673 1650 quodam
694 1560 791 1627 modo
811 1561 852 1627 sit
870 1561 1119 1650 conparandum.
1160 1580 1250 1647 prae·

206 1690 295 1746 teres
309 1677 501 1747 Cornificius
521 1677 605 1745 idem
627 1679 711 1744 inter
727 1677 864 1765 Vergilii
885 1679 1119 1744 obtrectatores
1140 1697 1249 1744 nume·

206 1805 317 1864 ratur:
339 1818 413 1862 eum
433 1794 505 1863 ideo
527 1817 547 1862 a
568 1793 716 1884 Vergilio
738 1795 945 1883 conpluribus
963 1793 1146 1864 nominibus
1166 1792 1249 1860 lictis

205 1924 354 1981 notatum
375 1935 446 1980 saec
466 1912 659 2002 interpretes
679 1922 807 1980 ueteres
827 1913 973 1980 certatim
995 1911 1178 1978 adfirmant.
1209 1908 1250 1976 de

206 2041 308 2097 morte
340 2028 503 2097 Cornificii
535 2029 616 2097 haec
647 2029 866 2119 Hieronymus
900 2029 941 2096 ad
976 2051 1097 2095 annum
1132 2027 1247 2106 ttettl

206 2147 381 2236 ascripsit:
412 2146 591 2234 θοπιῇῖεἰιω
610 2159 702 2236 posto
731 2171 751 2212 a
778 2149 928 2216 reddebas
960 2151 1091 2213 dseertm
1121 2145 1249 2228 interiet,

206 2288 281 2353 quos
300 2286 407 2352 sospe-
417 2263 576 2351 fstps'eates
603 2258 748 2350 ‘polentes
775 2256 904 2352 leporse'
932 2263 1114 2352 adpellorot.
1157 2261 1250 2330 liuius

207 2404 294 2450 soror
309 2381 488 2468 Cornificio,
510 2382 601 2448 eatae
622 2382 755 2468 testea
776 2393 881 2450 erctum
901 2385 1131 2470 spiyrommnto.
1165 2377 1250 2446 Mer

206 2497 313 2566 lrelins
333 2497 389 2582 (sd
412 2497 522 2566 Ouidii
542 2497 617 2566 Ibin
638 2521 669 2588 p.
690 2498 767 2585 365)
798 2519 864 2564 non
885 2497 954 2564 sine
976 2495 1082 2584 specie
1103 2494 1249 2584 probabi-

207 2614 308 2686 litatis
329 2614 493 2684 Cornificii
520 2637 632 2684 necem
658 2615 743 2682 bello
764 2614 923 2681 Perusino
944 2615 1064 2682 lactem
1086 2635 1155 2680 esse
1176 2635 1250 2679 con-

206 2731 290 2800 iecit.
343 2753 450 2821 neque
483 2741 571 2800 recte
601 2729 739 2800 Ioannes
771 2729 939 2796 Beckerus
971 2729 1018 2814 (in
1050 2727 1186 2816 Bergkii
1218 2739 1251 2793 et

208 2846 356 2916 Oseearis
377 2848 486 2915 disriis
507 2871 534 2913 e.
558 2847 638 2914 1847
653 2871 685 2936 p.
708 2846 804 2932 1065)
826 2847 866 2916 dc
887 2846 1023 2913 ueritate
1051 2845 1127 2911 anni
1148 2845 1250 2912 ultimi

208 2966 249 3032 ab
269 2965 474 3054 Hieronymo
496 2963 627 3030 indiocti
649 2964 816 3030 dubitauit
865 2963 921 3054 qui
947 2985 1019 3030 curn
1042 2961 1250 3031 Cornificium

207 3082 291 3170 apud
322 3081 513 3150 cledonium
545 3079 639 3165 (artis
670 3105 700 3170 p.
728 3080 808 3147 1898
841 3078 1022 3164 Cornificius
1044 3081 1155 3146 Gallos
1184 3080 1252 3146 inde

206 3199 408 3286 reprehendit
436 3199 604 3287 Verps‘ls'um
622 3191 727 3264 ‘orden
746 3203 801 3286 qui
826 3200 904 3263 dicit
931 3208 1068 3284 superest
1095 3207 1126 3261 ut
1151 3197 1252 3262 tritico

206 3311 313 3402 dicot')
335 3315 376 3384 ed
398 3315 575 3404 georgicon
598 3339 605 3380 ι
626 3315 706 3398 210,
735 3335 819 3405 quac
848 3313 924 3380 inde
952 3314 993 3379 ab
1022 3313 1115 3380 annis
1135 3311 1250 3390 tltlet

161 3417 166 3425 ¹
207 3444 241 3502 et
282 3433 400 3512 tieret
439 3432 579 3521 conponi
621 3441 737 3521 coepta
776 3441 870 3514 sunt,
921 3429 1102 3519 respexisse
1142 3439 1250 3518 putet,

207 3550 327 3618 diutins
361 3571 459 3638 quem
489 3550 709 3638 Hieronymus
743 3547 863 3617 iudicet
894 3546 1101 3615 Cornificium
1130 3548 1251 3615 uixisse

208 3668 374 3734 contendit
396 3693 403 3734 :
426 3667 499 3747 sed,
525 3675 561 3734 ut
583 3665 620 3734 (l.
641 3665 679 3733 F.
700 3665 906 3733 Hcrmaunns
935 3665 992 3752 (sd
1013 3665 1249 3753 Hieronymum

207 3809 238 3873 p.
256 3785 310 3870 lt)
327 3783 407 3852 scite
420 3783 596 3863 adnumuit,
609 3773 822 3850 ‘hordeorum’
833 3783 993 3851 uocabulo
1008 3782 1072 3850 ism
1086 3781 1121 3848 in
1136 3783 1250 3869 ecloga

207 3901 322 3992 quinte
350 3901 421 3987 (36)
463 3923 546 3968 anno
577 3901 695 3980 712142
724 3899 844 3988 scripte
878 3899 1043 3988 Vergilius
1066 3921 1157 3992 ,usus
1191 3907 1248 3964 est.
