2954 4492
274 311 323 362 1¹¹
565 310 589 362 V
622 309 671 362 DE
690 309 868 363 suo-ve
885 306 1038 362 cervum

271 473 418 542 Catullus
438 474 499 540 sibi
521 474 553 540 in
576 476 714 562 gratiam
736 497 770 541 se
791 473 983 542 restituisset
1005 484 1039 542 et
1057 482 1165 544 uoces
1186 473 1318 544 uibrare

269 591 394 659 iambos
415 591 568 676 desiisset,
589 614 624 658 so

513 749 700 816 electissima
718 751 850 836 poema·
867 763 972 836 portos

511 867 629 952 scribto
650 865 811 952 tardipedi
830 864 887 932 deo
908 865 1052 932 dotorem

509 981 691 1068 infelicibus
711 981 879 1048 walando
900 981 1002 1071 liquis.

269 1165 333 1232 iam
377 1164 640 1232 reconciliatione
681 1164 857 1231 amantium
892 1165 979 1232 iacta
1017 1164 1138 1233 Lesbia
1179 1165 1319 1251 Volusii,

269 1292 385 1370 poetae
406 1281 538 1366 inficeti,
559 1282 600 1349 de
622 1304 686 1371 qno
700 1282 786 1349 infra
798 1284 892 1371 plura
907 1282 1044 1350 dicenda
1058 1294 1162 1366 erunt,
1184 1283 1318 1352 annales

267 1400 301 1466 in
324 1399 462 1466 Veneris
493 1398 645 1466 honorem
675 1400 744 1487 igni
772 1399 1009 1467 comburendos
1030 1399 1138 1466 tradit.
1181 1399 1318 1467 Momm·

268 1538 364 1582 senus
386 1514 511 1600 (histor.
534 1515 671 1582 Roman.
693 1539 722 1581 ιιι
742 1516 818 1599 573)
842 1515 1054 1596 eormenhoe
1074 1538 1139 1581 non
1161 1524 1258 1600 reete,
1280 1526 1318 1582 ut

268 1633 347 1700 mihi
377 1632 508 1722 quidem
536 1632 684 1716 uidetur,
717 1631 895 1716 intellexit,
928 1655 1001 1698 cum
1032 1631 1149 1700 doceat
1176 1633 1316 1721 puellam

267 1760 379 1818 uotum
401 1750 479 1816 illud
493 1749 607 1815 fecisse
629 1759 665 1814 ut
680 1747 826 1816 Catullus
841 1749 966 1816 iambos
981 1749 1116 1816 acerbos
1137 1750 1178 1816 do
1199 1750 1317 1816 misero

268 1877 355 1936 statu
389 1877 421 1933 et
448 1866 637 1932 condicione
666 1866 712 1932 rei
746 1865 896 1954 publicae
924 1866 957 1931 in
988 1867 1056 1933 eius
1082 1869 1317 1953 gubernatores

268 1982 409 2050 scribere
431 1983 593 2049 desineret
614 1992 648 2049 et
673 1983 778 2050 denuo
800 1982 962 2048 amoribus
983 1993 1125 2051 noceret.
1169 1981 1318 2051 Catullus

269 2100 353 2166 enim
376 2122 440 2188 quo
462 2111 605 2188 tempore
619 2099 781 2187 principes
802 2101 849 2166 rei
869 2101 1019 2187 publicae
1033 2100 1150 2166 iambis
1164 2102 1317 2185 uexabat,

267 2217 329 2284 nisi
357 2238 467 2284 omnes
488 2216 631 2282 rationes
659 2215 791 2297 fallunt,
821 2215 959 2282 Lesbiae
981 2216 1144 2284 amoribus
1165 2239 1231 2284 non
1252 2218 1317 2284 iam

267 2333 428 2400 utebatur.
469 2331 624 2400 Lesbiam
650 2343 760 2399 autem
791 2332 878 2398 illam
898 2327 1057 2421 ‘puellam'
1077 2333 1194 2418 foisse,
1225 2335 1317 2402 ouius

267 2459 379 2516 notum
398 2449 538 2538 lepidum
559 2449 593 2514 in
614 2450 756 2516 carmine
770 2472 872 2516 xxxvi
894 2461 1053 2534 narratur,
1075 2461 1204 2540 praeter
1225 2451 1317 2520 ‹iubi-

267 2569 420 2634 tationem
436 2566 577 2656 positum
599 2577 659 2635 est.
702 2577 739 2634 ut
751 2591 812 2634 nos
826 2589 938 2635 uersus
953 2578 1102 2657 quartum
1118 2577 1151 2636 et
1166 2570 1316 2656 quintum

516 2741 605 2817 nonu,
629 2736 661 2801 si
679 2735 742 2802 eibi
759 2736 910 2802 restituero
932 2759 1023 2802 arsere

514 2852 713 2938 desissemque
734 2863 835 2917 uncae
854 2852 977 2918 cabrera
996 2853 1121 2938 iambos,

267 3043 399 3122 praeter
426 3034 507 3100 alios
534 3037 597 3101 iam
627 3035 703 3103 olim
733 3035 880 3102 Muretus
908 3045 941 3101 ot
967 3033 1115 3122 Scaliger
1135 3034 1316 3123 explicans-

267 3162 351 3220 runt.
404 3174 478 3219 cum
514 3173 610 3218 uersu
646 3163 762 3241 quarto
792 3151 913 3241 optime
945 3153 1083 3218 conferri
1112 3162 1219 3239 potest
1246 3177 1315 3221 oar·

265 3269 362 3336 minis
383 3287 465 3354 cru,
487 3269 691 3357 quodmodo
713 3269 870 3357 excripsi,
892 3290 1005 3336 uersus
1026 3280 1162 3357 quartos
1184 3269 1316 3357 quodie

266 3387 414 3470 sereno,
436 3386 561 3470 Lesbia,
581 3389 631 3454 mi
648 3389 764 3474 cupido.
807 3387 848 3454 de
869 3386 985 3453 iambis
1006 3409 1088 3475 quos
1109 3386 1258 3454 Catullus
1279 3388 1314 3454 in

266 3525 362 3570 uersu
390 3504 504 3591 quinto
537 3513 805 3572 commemoratur
830 3503 864 3570 in
885 3501 1038 3570 Lesbiam
1056 3503 1218 3587 uibrasse,
1250 3527 1315 3570 me-

267 3620 401 3686 moriam
448 3620 728 3687 acerbissimorum
777 3620 1122 3708 hendecasyllaborum
1162 3622 1314 3688 carminis

266 3759 378 3804 xxxxii
419 3747 452 3805 et
482 3737 734 3806 cholismborum
772 3737 923 3806 carminis
955 3760 1068 3805 xxxva
1098 3748 1131 3805 et
1162 3738 1313 3806 carminis

265 3879 317 3922 vm
338 3855 480 3924 recolere
501 3856 585 3923 licet.
630 3879 705 3924 nam
726 3855 906 3940 Catillum,
929 3878 1003 3922 cum
1023 3856 1149 3924 iambos
1170 3865 1314 3938 uocaret,
