2970 4484
387 345 464 400 vnn
497 347 546 400 Du
563 345 723 400 CAESARE
740 347 787 398 ΕΤ
804 345 1031 400 censeremus
1184 348 1235 400 2οῠ

339 513 477 580 meando
497 515 616 601 predo
639 513 771 580 Pontica
791 537 799 578 ι
820 517 886 580 ede
906 515 995 580 ense

338 631 468 708 Hibera
490 654 583 718 msam
604 636 659 697 scit
677 631 778 697 amnis
799 631 923 714 aurifer
948 633 1088 720 disque:

269 771 300 816 m
339 773 422 816 neec
444 749 567 815 Gallias
587 750 705 816 emese
726 761 753 814 st
770 749 972 815 Britanniae.

337 865 414 952 quid
432 865 515 931 tunc
537 865 654 932 malum
666 865 813 953 found?
833 876 889 930 out
907 864 986 952 quid
1004 865 1052 932 tic
1071 877 1166 952 potae

338 984 408 1048 uisi
423 997 518 1049 uncto
538 985 682 1050 deuorare
700 985 910 1070 patrimonia?

185 1097 256 1166 Sed
288 1108 326 1166 ut
355 1110 431 1188 post
462 1099 694 1188 digressionem
714 1099 892 1186 longiorem
920 1100 954 1164 in
981 1101 1066 1166 uiam
1094 1099 1234 1183 redeam,

187 1215 230 1282 de
259 1215 409 1282 carminis
436 1239 547 1284 xxvrm
574 1228 718 1305 tempore
744 1239 784 1283 ne
811 1217 913 1284 fusius
942 1216 1161 1306 quaerendum
1184 1217 1234 1300 sit,

186 1333 339 1400 Mauricii
359 1333 497 1423 Heuptii
520 1334 661 1402 sollertis
682 1335 783 1401 otium
809 1335 900 1418 fecit,
930 1334 987 1422 qui
1007 1335 1090 1401 hauc
1112 1337 1233 1401 remia

187 1450 414 1540 quaestionum
447 1450 701 1520 Catullianarum
734 1452 853 1540 pagina
884 1453 923 1518 16
958 1463 991 1518 et
1025 1449 1234 1540 sequentibus

185 1569 350 1636 tractauit
392 1567 469 1636 iude
496 1571 597 1658 igitur
626 1571 709 1658 quod
740 1569 886 1636 Catullus
914 1569 1111 1637 Mamurram
1140 1569 1186 1636 eit
1215 1592 1236 1635 a

186 1687 345 1776 Pompeio
369 1697 401 1754 et
421 1686 562 1756 Caesare
583 1687 687 1754 foueri
713 1688 769 1772 (cf.
797 1687 898 1754 uerba
923 1686 1003 1774 qaid
1022 1687 1103 1754 daec
1124 1687 1234 1752 malem

185 1803 316 1892 fructu)
350 1805 484 1894 adparet
511 1828 642 1874 carmen
670 1813 744 1872 ante
773 1815 918 1893 apertam
946 1804 1112 1891 utriusque
1133 1803 1234 1869 iuimi-

186 1923 297 1990 citiam
337 1923 492 2012 scriptum
527 1945 596 1990 esse
631 1947 638 1989 :
673 1945 748 1988 nam
784 1933 897 2010 postea
928 1923 1013 1988 inter
1048 1921 1234 1988 Mamurrae

184 2039 332 2107 fautores
367 2041 542 2130 Pompeius
576 2041 735 2108 nominari
777 2061 843 2106 non
883 2040 1050 2129 potuisset
1116 2038 1234 2106 deinde

186 2157 277 2247 quod
299 2179 318 2222 e
338 2151 468 2225 ‘socero'
489 2167 522 2224 et
541 2148 685 2246 ‘genero'
705 2159 900 2225 Mamurram
923 2159 1026 2224 foueri
1048 2156 1140 2240 dixit,
1161 2177 1234 2224 con·

185 2275 293 2362 ligere
324 2276 401 2342 licet
433 2286 508 2342 ante
537 2277 655 2358 Iuliae,
684 2275 834 2344 Caesaris
865 2275 950 2342 filias
981 2276 1115 2356 unicae,
1151 2295 1235 2364 quse

183 2391 345 2480 Pompeio
367 2415 453 2460 suno
468 2393 585 2470 695159
602 2403 764 2481 nupserat,
785 2403 932 2475 mortem,
954 2393 986 2458 h.
1001 2414 1028 2458 e.
1051 2401 1127 2458 ente
1148 2413 1234 2458 men·

186 2533 258 2577 sem
279 2509 503 2598 Septembrem
526 2511 601 2578 enni
622 2511 748 2595 700154,
770 2511 824 2578 ills
843 2521 972 2598 poetam
992 2509 1177 2597 scripsisse,
1199 2518 1235 2574 ut

184 2636 265 2716 pote
293 2649 366 2694 cum
394 2638 468 2716 post
495 2629 557 2694 hoc
581 2638 709 2716 tempus
731 2627 852 2697 anscr
874 2639 907 2694 et
928 2627 1103 2715 Pompeius
1125 2625 1234 2692 adfini·

184 2753 257 2811 tate
286 2766 352 2810 nou
384 2745 448 2812 iem
478 2745 640 2813 coniuncti
667 2745 795 2813 suerint.
838 2744 987 2812 adfinitas
1015 2746 1098 2811 euim
1127 2742 1232 2809 matri·

184 2863 296 2928 monio
324 2862 482 2952 dirempto
504 2861 659 2931 Romanis
680 2864 835 2930 dissoluta
863 2863 1063 2930 uidebatur:
1085 2860 1118 2928 id
1148 2859 1234 2949 quod

184 2980 266 3048 locis
294 2991 345 3047 set
371 2979 480 3047 multis
501 2991 647 3048 ueterum
671 2980 860 3069 scriptorum
888 2981 1122 3068 conprobatur,
1153 3000 1234 3066 quos

186 3097 326 3167 Carolus
346 3097 495 3165 Halmius
516 3099 549 3164 iu
575 3097 804 3164 commentario
825 3099 859 3162 in
873 3095 1037 3164 Ciceronis
1052 3095 1233 3163 Sestiansm

186 3239 218 3305 p.
239 3215 283 3281 90
302 3215 453 3301 conlegit.
475 3216 509 3281 in
530 3215 641 3303 primis
664 3214 697 3280 hi
719 3215 810 3302 digni
827 3223 903 3281 suut
916 3215 971 3302 qui
994 3223 1233 3302 conparentur:

185 3354 247 3421 pro
270 3331 377 3400 Sestio
399 3333 420 3398 3
441 3334 462 3398 6
482 3334 595 3399 adem&
615 3332 730 3399 Albino
759 3333 859 3398 wcsrs'
887 3353 995 3398 nemen
1021 3353 1106 3396 mors
1127 3330 1233 3416 filine,

185 3449 246 3517 sed
275 3451 434 3516 cardaum
468 3450 554 3516 illius
584 3449 817 3516 necessitudinis
852 3459 879 3512 et
912 3448 1143 3514 bremetensium
1176 3471 1234 3514 soa

185 3568 306 3634 ademit.
347 3567 568 3633 decretores
590 3565 609 3630 7
631 3566 954 3646 remeassem,
982 3588 1068 3632 socer
1096 3565 1160 3631 ees
1179 3566 1238 3651 qui

184 3683 306 3768 horat,
342 3683 381 3763 Q.
411 3682 532 3749 Mecirss
558 3681 720 3747 dicis.
763 3703 822 3770 pro
850 3679 1000 3748 Cluentio
1023 3679 1062 3746 12
1082 3681 1124 3746 33
1150 3683 1237 3766 opud

186 3801 362 3885 Donucam,
391 3823 469 3888 quoe
497 3813 556 3864 mm
584 3799 752 3864 etmalieri
770 3798 898 3883 (merito
919 3799 1012 3881 uiuo)
1033 3821 1139 3864 soem
1160 3810 1233 3862 erat.

186 3917 429 3987 concedendum
473 3915 604 4006 quidem
646 3915 729 3982 hauc
771 3916 1083 4004 argumentationem
1126 3915 1233 3979 certis·
