2954 4492
380 336 432 388 Vll
467 337 515 389 DE
533 337 676 392 tumultu
694 337 885 392 Bl‘fflmco
1110 341 1159 394 168

112 499 195 586 quod
217 501 250 567 in
272 509 326 568 tot
348 503 487 570 nummis
501 503 613 570 eodem
634 503 766 591 Papirio
781 512 929 592 praetore
942 504 1035 572 factis
1049 513 1160 592 aperte

112 615 277 704 reperitur.

192 731 259 800 Sed
290 743 330 802 ut
358 733 399 800 ad
431 755 500 799 rem
532 733 678 812 redeam,
714 733 876 814 Catullus,
912 757 1009 822 quem
1037 735 1157 802 Lesbia
1284 729 1294 742 ⁸

112 871 213 937 nuper
243 850 362 917 relicta
394 849 522 918 Romae
552 849 663 916 uiuere
701 851 869 936 taedebat,
910 852 1029 919 Gaium
1056 852 1157 920 blem-

111 964 205 1032 mium
227 964 418 1034 Gemellum
441 979 478 1034 ut
498 967 592 1034 terris
614 989 652 1033 ac
673 968 799 1056 populis
821 967 1002 1056 peregrinis
1015 969 1158 1036 uisendis

112 1083 251 1150 animum
281 1084 397 1150 dolore
430 1093 464 1150 et
489 1084 693 1172 aegritudine
726 1085 864 1151 fractum
896 1095 1057 1152 recrearet
1088 1109 1160 1152 cum

113 1197 153 1266 G.
176 1199 302 1266 Heluio
339 1199 445 1268 Cinna
470 1202 527 1286 (cl.
550 1225 573 1268 x
594 1202 633 1266 31
665 1211 698 1266 et
723 1200 858 1288 Hauptii
887 1212 1009 1290 quaest
1043 1199 1159 1268 Catuli

111 1335 142 1400 p.
167 1315 238 1400 100)
270 1325 305 1382 et
334 1315 405 1380 aliis
427 1315 589 1383 nobilibus
610 1314 782 1381 iuuenibus
806 1317 862 1399 (cf.
886 1339 908 1382 x
932 1319 971 1384 10
992 1339 1118 1385 xxxxvr
1139 1319 1160 1384 9

113 1429 249 1497 odaloes
272 1433 418 1498 comittem
439 1434 536 1498 uelde
557 1431 670 1515 codas)
691 1431 725 1496 in
741 1431 929 1518 Bithyniam
951 1445 1080 1502 secutus
1103 1447 1160 1502 est.

112 1543 300 1634 Memmius,
332 1548 388 1638 qui
408 1547 478 1636 ipse
499 1548 679 1615 litterarum
701 1546 951 1615 studiosissimus
972 1560 1042 1617 erat
1062 1551 1161 1636 (inter

112 1673 221 1750 poetas
251 1667 341 1732 enim
370 1666 549 1732 carminum
577 1667 806 1732 amatoriorum
835 1675 868 1732 et
898 1667 1090 1734 lasciuorum
1118 1667 1160 1732 ab

112 1777 228 1850 Ouidio
250 1781 394 1848 tristium
408 1805 425 1846 u
439 1781 501 1848 433
522 1792 555 1848 et
577 1803 596 1846 a
616 1782 721 1849 Plinio
743 1783 951 1870 epistularum
973 1783 1062 1848 v35
1083 1807 1158 1850 enu-

110 1907 270 1981 meratur,
305 1898 347 1964 ef.
369 1899 468 1964 etiam
490 1895 590 1965 Gellii
610 1899 754 1964 noctium
775 1899 958 1966 Atticarum
979 1901 1107 1966 xv1ur9
1129 1899 1158 1983 t,

110 2023 206 2104 atque
227 2013 338 2081 eidem
352 2013 523 2082 Lucretius
537 2015 636 2083 libros
654 2015 695 2081 de
715 2038 823 2082 rerum
842 2025 961 2083 natura
981 2015 1157 2105 inscripsit)

111 2128 275 2198 Catullum
306 2142 339 2197 et
369 2131 506 2199 Cinnam
535 2143 647 2219 poetas
675 2134 777 2199 amice
798 2131 953 2200 inuitasse
975 2133 1102 2200 uidetur
1122 2143 1158 2200 ut

110 2270 144 2314 se
181 2250 433 2332 comitarentur,
475 2271 533 2332 ne,
578 2248 655 2315 dum
690 2271 711 2314 a
741 2249 848 2316 Roma
885 2250 1033 2335 abesset,
1074 2273 1157 2317 com·

109 2365 228 2432 marcio
258 2375 294 2431 et
323 2364 502 2454 conloquiis
522 2365 687 2432 litterariis
719 2375 855 2432 careret.
908 2367 988 2432 haec
1018 2369 1158 2433 maxime

110 2481 293 2568 probabilia
321 2503 391 2548 esse
418 2482 449 2546 ei
476 2480 670 2548 uidebuntur
706 2480 761 2569 qui
789 2504 863 2547 cum
893 2482 1056 2550 Catullum
1087 2493 1156 2550 tum

110 2599 251 2667 maxime
295 2597 434 2666 Cinnam
476 2596 613 2664 Graecis
656 2597 852 2665 carminibus
894 2609 951 2666 aut
990 2600 1156 2668 uertendis

110 2725 164 2783 aut
203 2713 371 2784 laboriose
405 2714 568 2782 imitandis
604 2737 735 2803 operam
768 2715 953 2804 inpendisse
988 2727 1158 2804 reputaue-

111 2832 151 2896 rit
177 2857 187 2898 r
214 2833 407 2900 Memmium
443 2833 529 2898 enim
563 2833 705 2898 maxime
740 2829 940 2900 Graecarum
975 2835 1155 2901 litterarum

111 2949 294 3016 studiosum
322 2949 378 3015 sed
409 2948 611 3015 fastidiosum
640 2946 831 3015 Latinarum
859 2949 958 3015 fuisse
986 2949 1101 3017 Cicero
1123 2953 1157 3016 in

112 3065 213 3133 Bruto
235 3067 279 3133 70
298 3066 360 3131 247
390 3074 510 3132 namot.
554 3065 628 3146 Quo
660 3066 736 3132 suni
764 3065 881 3144 69ilbi
908 3075 1055 3154 tempore
1084 3089 1158 3131 cum

111 3181 267 3252 Memmio
298 3180 332 3248 iu
359 3182 548 3272 Bithyniam
577 3181 693 3250 abierit
723 3181 871 3249 Catullus
901 3205 967 3249 uon
989 3181 1159 3270 eloquitur.

110 3309 219 3368 tamen
252 3299 287 3365 id
312 3299 496 3366 coniectura
523 3321 588 3366 non
610 3297 804 3388 inprobabili
826 3298 960 3388 adsequi
980 3321 1159 3387 possumus.

111 3427 278 3504 praetores
308 3417 394 3482 enim
421 3417 456 3481 in
476 3417 660 3504 prouincias
682 3437 756 3482 suas
777 3437 844 3481 non
864 3425 931 3482 tam
952 3415 1062 3504 primis
1084 3416 1161 3483 anni

114 3531 237 3618 diebus,
261 3534 382 3622 quippe
398 3533 514 3621 quibus
536 3532 652 3598 itinera
665 3532 904 3618 magistratibus
919 3531 1013 3598 niuris
1027 3533 1162 3598 molesta

111 3648 262 3728 sonant,
285 3672 384 3739 quam
405 3670 482 3714 uere
504 3647 632 3714 demum
655 3647 811 3715 accedere
832 3657 865 3714 et
886 3648 999 3716 eodem
1020 3647 1097 3714 anni
1118 3669 1164 3714 sc-

113 3767 241 3853 quentis
269 3775 415 3854 tempore
444 3765 519 3833 inde
548 3764 705 3832 decedere
726 3765 875 3832 solebant
895 3765 950 3849 (cf.
972 3763 1108 3832 Rsinius
1129 3765 1163 3829 in

112 3881 214 3950 Paulli
236 3882 508 3971 encyclopaediae
529 3905 560 3946 vi
583 3881 624 3948 80
645 3890 678 3946 et
700 3880 1005 4044 Marquardtilqs*de
1027 3879 1162 3966 antiqui·
