2970 4484
393 319 471 371 vm]
503 319 553 370 Dll
569 317 725 370 censam
742 319 790 370 ΕΤ
807 317 1038 371 csussttlsrus
1196 319 1247 370 stt

198 484 342 552 Muciam
364 484 499 572 Pompei
519 483 552 548 in
572 483 644 550 loco
666 483 788 550 Valerii
810 482 955 572 intellegi
982 507 1048 574 non
1072 505 1182 572 posse,
1210 495 1247 548 ut

198 611 277 691 pote
306 623 391 690 quae
419 623 504 668 anno
534 601 650 680 toules
677 609 783 668 aetate
811 601 995 687 prouecticr
1022 600 1119 666 luerit
1149 621 1246 687 quam

198 729 237 784 nt
262 729 333 786 tum
361 719 401 785 ed
429 717 509 784 illud
540 717 723 783 conuiuium
752 717 893 784 libidinis
921 715 1102 804 explendae
1133 737 1247 782 caussa

198 837 383 903 institutum
396 835 528 902 inuitari
544 834 693 921 potuerit
726 855 809 922 quae
829 833 870 898 de
884 833 1012 900 Muciae
1033 841 1139 898 aetate
1161 831 1245 898 coni·

199 954 229 1020 ci
247 963 384 1041 possunt
405 952 486 1018 boec
509 961 594 1018 sunt.
630 950 739 1016 Mucia
763 971 848 1016 anno
872 950 991 1027 674180
1006 957 1114 1016 aetate
1128 947 1247 1015 nubilis

199 1069 263 1136 fnit
283 1095 291 1136 :
312 1079 382 1134 mm
408 1069 492 1134 enim
523 1066 681 1155 Pompeio
710 1067 820 1155 nupsit
847 1091 855 1132 ι
883 1089 947 1156 quo
977 1087 1061 1132 anno
1090 1065 1117 1130 si
1145 1085 1246 1130 annos

200 1185 341 1253 sedecim
362 1207 432 1251 eam
454 1193 563 1251 natam
584 1183 682 1250 fuisse
699 1183 863 1267 sumimus,
884 1205 969 1248 anno
991 1182 1108 1260 702152
1128 1203 1245 1247 annum

199 1303 314 1370 aetatis
344 1299 627 1389 quadragesimum
657 1309 808 1388 quartum
840 1299 915 1385 egit.
959 1321 1041 1387 quae
1070 1301 1146 1367 dnm
1174 1323 1246 1368 con·

199 1419 323 1502 sidero,
350 1438 414 1486 non
441 1417 554 1484 dubito
578 1416 772 1484 contendere
793 1391 942 1483 Teuffelii
964 1418 1245 1505 reprehensionem

199 1535 269 1602 aliis
311 1535 510 1622 argumentis
545 1533 768 1601 deficientibus
803 1533 982 1600 sententiae
1015 1545 1147 1602 nostrae
1180 1557 1246 1602 non

61 1669 67 1678 '
199 1653 339 1737 obstare,
361 1651 552 1741 praesertim
567 1675 638 1716 cum
654 1650 731 1717 inde
745 1651 832 1739 quod
847 1650 955 1716 Mucia
970 1651 1065 1716 etiam
1080 1662 1149 1718 tum
1170 1662 1245 1740 post

198 1791 343 1859 pugnam
358 1769 527 1836 Actiacam
549 1770 582 1834 in
603 1767 686 1832 uiuis
707 1767 768 1832 fuit
789 1767 842 1852 (cf.
857 1767 1038 1834 Drumanni
1058 1768 1131 1834 hist.
1147 1767 1243 1834 Rom.

198 1909 241 1953 uu
262 1887 339 1972 557)
367 1887 453 1953 illam
474 1885 666 1973 Pompeium
692 1906 776 1950 enno
798 1884 916 1962 674l80
936 1884 1040 1974 ipsum
1062 1887 1245 1952 adulescen-

197 2013 264 2070 tem
293 2003 565 2070 adulescentulam
592 2003 625 2068 in
655 2001 891 2068 matrimonium
921 2003 1050 2068 duxisse
1077 2003 1244 2091 probabile
1288 1993 1298 2002 ’

198 2121 251 2186 sit
292 2143 334 2186 ne
360 2141 437 2185 uero
457 2143 509 2185 res
530 2118 601 2206 ipss
622 2119 716 2184 nimis
737 2118 933 2184 incredibilis
957 2120 1114 2202 uideatur,
1145 2119 1243 2214 etism

199 2237 324 2304 facinus
339 2237 417 2304 illud
431 2237 577 2320 alterum,
596 2235 683 2324 quod
695 2235 740 2300 illi
755 2235 904 2302 Valerius
918 2236 1081 2302 Maximus
1095 2238 1244 2326 proxime

197 2354 398 2441 anteposuit,
427 2353 585 2418 hocloco
617 2353 772 2418 memoria
802 2363 947 2440 repetere
975 2353 1070 2418 licent
1101 2376 1108 2418 ε
1140 2353 1246 2420 Publii

200 2471 308 2536 Olcdii
332 2469 431 2554 (anno
461 2469 581 2546 692162
607 2491 769 2534 sacrorum
796 2470 908 2536 Bonae
930 2469 1021 2534 Deae
1052 2469 1245 2556 pollutorum

198 2587 261 2670 rei)
287 2587 437 2652 issdicium
466 2598 582 2672 perusta
613 2587 743 2651 luxuria
768 2599 795 2651 st
819 2585 948 2652 libidine
976 2585 1173 2652 abundauit?
1213 2592 1245 2652 in

197 2725 258 2790 quo
289 2717 322 2768 ut
348 2703 501 2770 usideruer
528 2703 633 2768 incesti
657 2703 782 2768 crimine
805 2725 915 2768 nocens
942 2725 1015 2768 reue
1041 2703 1246 2770 obsolrseretur

197 2832 301 2886 noctes
344 2831 553 2884 matronarum
599 2832 626 2884 et
665 2820 894 2886 adulescentiam
940 2821 1089 2886 codsiium
1133 2843 1245 2908 mapsa

197 2959 315 3002 summu
350 2949 469 3022 eruptus
503 2938 651 3001 mercedis
692 2937 756 3002 loco
794 2937 953 3002 iudicibus
988 2951 1130 3025 erepatue
1165 2947 1243 3001 sunt.

199 3053 242 3119 ei.
265 3050 433 3120 Ciceronis
460 3051 501 3118 ad
530 3051 677 3118 Atticum
704 3052 913 3139 epistularum
935 3074 944 3118 r
966 3054 1006 3118 16
1027 3055 1048 3118 5
1069 3063 1102 3118 et
1124 3075 1132 3116 ι
1155 3052 1195 3118 18
1215 3053 1245 3118 3.

196 3179 366 3256 praeterea
407 3177 443 3234 ut
477 3179 658 3256 temporum
700 3169 827 3234 illorum
870 3191 976 3236 mores
1007 3179 1245 3257 cognoscantur

198 3285 299 3372 digua
320 3296 395 3352 sunt
417 3309 435 3352 a
458 3284 613 3352 Suetonio
636 3286 676 3351 de
699 3284 871 3353 Octauiani
898 3285 1084 3354 libidinibus
1108 3287 1156 3370 (in
1177 3287 1245 3352 eius

198 3403 284 3470 uitae
304 3403 410 3490 capite
431 3403 487 3488 69)
509 3411 640 3470 narratu
668 3425 751 3490 quae
772 3404 989 3470 conferantur.
1032 3425 1137 3490 neque
1157 3405 1245 3491 quic·

199 3541 296 3608 quem
329 3521 437 3586 obstat
469 3521 548 3606 quin
577 3518 725 3586 Fuluiam
761 3541 857 3606 quem
890 3519 1039 3586 Valerius
1066 3522 1246 3588 nominauit

198 3638 334 3704 eandem
363 3649 461 3724 atque
488 3637 623 3702 Antonii
654 3659 788 3704 uxorem
818 3637 1095 3704 fuisseducamus
1117 3665 1124 3702 :
1147 3659 1244 3725 quam

198 3754 362 3841 aliquanto
391 3753 501 3819 Mucia
531 3752 689 3820 iuniorem
720 3754 819 3821 fuisse
851 3776 892 3820 ex
920 3753 1145 3842 coniugiorum
1176 3753 1245 3819 eins

197 3871 399 3959 temporibus
413 3869 646 3938 concludimus.
688 3869 805 3938 Fuluia
827 3873 912 3939 enim
933 3893 1017 3938 enno
1039 3869 1244 3945 iere·698l56
