2970 4484
248 329 298 381 250
496 325 522 378 X
555 327 604 380 DE
621 325 800 380 vnnsnmo
817 326 864 380 ΕΤ
880 326 1045 382 ΡΑΒῊὼΟ

247 493 335 559 tibus
348 493 478 560 obuiam
493 492 626 579 misisse,
641 495 780 583 denique
789 517 918 562 carmen
928 517 1066 564 xxxxvu
1077 497 1295 584 conposuisse,

247 632 319 676 cum
340 609 449 698 paullo
471 619 546 676 ante
568 609 645 677 Piso
672 634 746 677 enm
767 611 898 678 cohorte
919 611 1059 678 Romam
1079 612 1265 678 reuertisset
1286 638 1295 678 z

248 726 334 816 quod
356 749 550 816 quamquam
571 726 627 793 uix
648 751 720 794 cum
740 729 994 815 Iungclunsseno
1009 729 1057 817 (p.
1071 729 1127 812 20)
1142 751 1183 796 ex
1197 751 1296 796 uersu

246 843 381 932 septimo
401 858 556 933 quaerunt
567 848 604 910 ds
618 846 711 912 ιη’τιίο
728 852 897 913 mentiones
911 846 1032 935 conligi
1046 857 1162 935 potest,
1185 857 1293 914 minen

247 985 288 1029 ex
319 961 477 1030 sententia
504 963 604 1029 totins
633 963 784 1030 carminis
812 963 960 1030 efficitur.
1003 973 1100 1051 poeta
1128 963 1227 1047 enim,
1256 975 1294 1032 nt

245 1080 392 1168 pluribus
420 1079 527 1146 uerbis
554 1101 638 1167 quac
664 1079 747 1146 dixit
773 1101 958 1146 enarremus
980 1103 988 1145 ε
1009 1073 1088 1146 ‘Vos
1107 1073 1225 1168 igitur’,
1246 1083 1294 1147 in·

246 1195 333 1285 quit,
354 1191 459 1263 ‘Porci
480 1207 512 1262 et
528 1195 717 1274 Socration,
739 1197 884 1263 homines
905 1195 1114 1280 furacissimi,
1137 1197 1166 1262 ei
1187 1195 1293 1262 fluistis

245 1337 381 1402 qnorum
409 1312 577 1380 commodo
598 1313 764 1380 Verennio
795 1321 827 1378 et
855 1311 993 1382 Fabuiio
1025 1311 1180 1400 neglectis
1205 1313 1293 1397 Piso,

245 1430 340 1496 homo
361 1428 649 1512 libidinosissimus,
670 1429 703 1496 in
724 1429 893 1517 prouincia
914 1451 1011 1517 quam
1031 1429 1203 1518 plurimum
1217 1451 1293 1496 con·

245 1536 352 1614 suluit’
380 1547 428 1632 (in
455 1546 566 1636 primis
592 1546 632 1613 ad
654 1546 831 1635 perfectum
857 1555 985 1634 tempus
1006 1548 1098 1614 uerbi
1117 1551 1294 1634 procpoetu‘t

244 1665 387 1730 animum
403 1663 554 1731 aduentus
582 1664 693 1748 uelim)
715 1689 723 1731 :
744 1659 840 1729 ‘unde
862 1665 899 1731 fit
920 1676 956 1731 ut
983 1663 1031 1730 illi
1058 1663 1190 1752 quidem
1219 1686 1291 1752 pro-

244 1781 498 1869 uincieepraeda
512 1781 698 1868 locupletati
715 1755 901 1869 sumptuosa
912 1801 950 1846 ac
961 1781 1128 1847 luxuriosa
1141 1780 1292 1846 conuiuia

244 1899 304 1986 ipsi
325 1897 503 1981 instituant,
523 1899 573 1965 his
593 1908 714 1982 contre,
736 1899 792 1988 qni
815 1919 857 1964 ne
877 1896 1044 1963 minimum
1056 1897 1188 1982 quidem
1203 1897 1291 1964 illinc

242 2015 394 2082 lucellum
421 2025 643 2101 reportarunt,
674 2017 708 2081 in
735 2013 840 2081 triuiis
868 2015 1003 2082 eliorum
1025 2013 1291 2081 inuitatinnonlac

244 2131 467 2220 expectandae
492 2126 574 2198 sint'.
625 2133 689 2198 iam
710 2132 841 2200 tandem
869 2131 912 2198 de
940 2143 1085 2220 tompore
1113 2129 1291 2198 carminum

243 2271 340 2316 xxvio
364 2258 397 2316 et
418 2273 555 2318 xxxxvu
576 2248 762 2317 adcuratius
791 2248 905 2315 disseri
925 2257 1032 2337 potest
1058 2269 1154 2336 quam
1184 2271 1290 2337 supra,

244 2388 316 2432 cum
341 2366 376 2431 in
403 2366 486 2434 hano
512 2388 580 2433 rem
602 2364 830 2449 incideremus,
858 2365 927 2432 fieri
955 2365 1063 2454 potuit
1083 2391 1091 2430 :
1112 2364 1177 2432 illic
1205 2365 1291 2432 enim

243 2482 322 2549 nihil
335 2484 398 2550 nisi
409 2494 483 2571 post
494 2483 555 2552 iter
566 2482 775 2571 Bithynicum
789 2481 844 2548 illu
854 2483 974 2570 scripta
989 2503 1061 2548 esse
1074 2505 1094 2548 a
1109 2492 1206 2570 poeta
1217 2505 1290 2548 con·
1321 2529 1324 2534 -

243 2600 376 2667 tendere
386 2600 557 2688 potuimus.
578 2601 643 2670 iam
656 2599 758 2686 igitur
768 2599 987 2687 quaerendum
996 2598 1089 2668 nobis
1101 2608 1151 2666 est
1161 2600 1291 2686 qnando

243 2716 322 2783 Piso
344 2739 388 2783 ex
409 2719 578 2805 prouincia
598 2717 782 2784 decesserit.
824 2716 857 2784 in
871 2716 1096 2784 Macedoniam
1112 2739 1186 2784 cnm
1208 2739 1291 2784 anno

244 2835 402 2900 consulari
425 2857 483 2900 suo
505 2833 623 2913 696158
643 2843 789 2902 extremo
811 2833 992 2921 profectum
1011 2855 1081 2902 esec
1096 2832 1211 2902 Cicero
1232 2855 1290 2922 pro

245 2950 351 3019 Sestio
372 2951 414 3017 33
435 2962 547 3038 aperte
568 2950 655 3019 dicit.
698 2951 831 3018 rediisse
852 2973 925 3017 sum
945 2951 1102 3042 Pompeio
1124 2960 1157 3017 et
1171 2950 1290 3019 Crasso

244 3068 428 3135 oonsulibus
461 3089 546 3136 anno
575 3069 692 3149 699l55
718 3067 880 3136 Asconius
911 3068 945 3134 in
975 3068 1181 3136 Pisonianam
1211 3092 1241 3156 p.
1272 3070 1287 3134 1

243 3187 396 3252 rettulit:
417 3187 513 3273 paulo
535 3187 772 3254 adcurationem
799 3186 1015 3253 definitionem
1039 3186 1196 3274 temporis
1216 3185 1291 3252 inde

244 3303 457 3370 nanciscimur
486 3303 573 3393 qnod
602 3327 643 3370 ex
665 3305 777 3370 eodem
799 3304 940 3372 Asconio
961 3327 994 3392 p.
1018 3305 1034 3367 1
1058 3312 1091 3370 ct
1112 3304 1152 3370 15
1173 3302 1291 3370 acimum

243 3419 433 3488 Ciceronem
461 3422 638 3488 orationem
667 3443 764 3509 quam
793 3423 826 3488 in
855 3421 1007 3490 Pisonem
1036 3444 1077 3488 ex
1099 3419 1290 3488 Macedonia

242 3538 425 3626 nupenime
456 3561 621 3606 reuersum
651 3539 784 3623 habuit,
820 3540 912 3606 breui
941 3549 1016 3606 nntc
1048 3538 1143 3604 ludos
1173 3537 1291 3626 quibus

243 3657 417 3746 Pompeius
431 3657 591 3724 theatrum
605 3681 624 3724 e
639 3679 674 3723 se
688 3657 808 3723 factum
824 3656 987 3744 dedicauit
1001 3654 1131 3722 dixisse.
1164 3664 1290 3721 aestate

243 3783 350 3840 autem
371 3774 448 3840 anni
467 3774 585 3852 699l5b
606 3775 767 3842 theatrum
788 3773 866 3840 illud
888 3773 1070 3840 dedicatum
1088 3795 1158 3839 esse
1172 3773 1288 3860 partim

243 3890 317 3958 iude
340 3890 539 3979 contegimus
562 3890 650 3979 quod
671 3892 732 3958 sub
754 3891 851 3958 tinem
870 3891 989 3957 mensis
1003 3890 1125 3978 Aprilis
1146 3891 1178 3955 in
1202 3889 1289 3956 thoa-
