2954 4492
417 327 443 378 V
477 327 526 380 DE
544 327 723 382 molamus
740 327 894 383 eanvult
1145 335 1192 386 109

141 493 283 558 amicum
316 515 403 560 enno
430 495 548 574 coeloe
576 519 649 562 cum
679 507 782 563 matre
810 519 869 562 aua
897 495 1053 565 incoatum
1081 499 1195 567 iecisse

142 609 236 676 nuile
263 611 360 676 modo
392 611 479 678 credi
513 622 630 700 potest.
684 613 809 680 Gellius
839 623 986 702 tompore
1014 613 1069 682 illo
1109 617 1195 705 quod

143 727 289 794 diximus
310 729 547 817 quinquaginta
561 729 629 794 iere
644 751 746 795 annos
768 739 862 796 natue
876 731 949 796 fuit.
990 742 1095 798 mator
1115 733 1194 814 eiua,

143 865 232 932 quae
251 855 325 934 poet
347 845 444 913 Gellii
464 847 571 912 mariti
592 855 726 912 mortem
741 849 774 932 *)
796 849 833 914 L.
856 847 1009 937 Philippo
1030 861 1193 939 nupserat,

100 961 105 969 '
143 963 245 1028 etiam
266 963 293 1028 si
314 985 424 1029 numae
446 985 581 1045 musam,
603 985 679 1028 oum
700 963 841 1030 Gellium
863 975 1001 1053 pareret,
1033 988 1097 1031 non
1120 967 1193 1054 plne

143 1101 246 1166 quarn
274 1101 374 1146 annos
403 1079 520 1168 uiginti
548 1080 764 1168 conpleuiese,
793 1091 902 1147 tamen
928 1103 1060 1150 neccsse
1089 1093 1137 1150 oet
1157 1093 1195 1150 ut

145 1220 233 1263 auno
254 1199 390 1283 696158,
420 1198 568 1286 quoiam
589 1198 724 1288 proauia
743 1199 830 1266 faeta
851 1210 938 1283 orat,
960 1201 1194 1289 duodeeeptua·

143 1316 240 1404 ginta
260 1316 426 1382 minimum
448 1338 549 1383 annos
574 1326 652 1383 nata
678 1316 784 1383 fuerit.
827 1317 900 1406 quia
920 1339 999 1384 uero
1021 1317 1195 1384 arbitretur

143 1431 289 1500 Gellium
311 1435 626 1522 quinquagenarium
647 1456 719 1499 oum
741 1445 843 1501 matre
857 1433 924 1500 fere
944 1438 1194 1523 septuagenaria

142 1549 303 1616 incomm
317 1551 514 1617 commisisse
528 1550 546 1615 ⁴?
589 1573 672 1640 quae
697 1550 868 1618 inmunitas
883 1549 910 1618 oi
927 1573 962 1617 re
976 1573 1056 1618 uara
1069 1552 1193 1636 fuiaeet,

143 1667 218 1757 qnia
240 1665 403 1735 Catullum
429 1667 549 1735 iudicet
579 1667 653 1734 huic
681 1669 882 1756 turpissimae
914 1668 961 1734 roi
981 1679 1092 1735 notam
1114 1691 1193 1736 eem-

141 1785 304 1873 pitaruam
330 1786 460 1852 inurere
490 1783 666 1853 omieieee‘?
707 1809 813 1876 neque
839 1785 1009 1852 artificium
1031 1787 1193 1875 quoddam

142 1903 178 1968 in
199 1913 353 1991 promptu
380 1913 431 1969 eet
457 1926 522 1992 quo
550 1925 603 1970 rea
624 1903 687 1969 alia
707 1913 741 1970 et
761 1905 864 1991 magia
886 1903 1046 1992 probabili
1067 1906 1192 1972 rationo

143 2019 299 2108 explicari
326 2021 439 2109 possit.
481 2021 522 2087 de
543 2043 684 2088 nouerca
713 2021 857 2109 cogitare
886 2042 950 2087 non
979 2021 1068 2106 licet,
1099 2033 1192 2111 pater

143 2133 246 2204 Gellii
267 2139 330 2205 iam
353 2139 474 2206 dudum
494 2147 641 2205 mortuno
662 2148 747 2222 erat,
769 2149 818 2223 ot,
845 2139 872 2204 ei
892 2137 931 2205 L.
954 2137 1097 2206 Marcius
1118 2141 1191 2207 Phi·

143 2253 251 2343 lippue
273 2265 329 2322 aut
348 2264 476 2322 mortua
498 2265 553 2322 eut
574 2257 743 2344 repudiata
764 2277 867 2323 uxore
887 2255 1022 2324 alteram
1037 2257 1191 2342 duxisset,

143 2374 236 2438 cuiue
259 2371 305 2438 rei
326 2373 416 2439 nulla
432 2373 473 2440 ad
494 2395 552 2440 noe
570 2373 686 2440 notitia
699 2374 859 2462 peruenit,
880 2373 987 2461 putari
1002 2395 1067 2439 non
1083 2383 1193 2461 poeeot

142 2489 225 2555 baec
236 2511 256 2554 a
266 2488 395 2558 Catullo
405 2495 513 2556 maan
522 2491 651 2557 nomine
663 2489 824 2579 adpellata
833 2511 912 2558 aare
930 2492 1016 2557 omni
1028 2492 1113 2558 euim
1126 2491 1191 2558 eale

143 2605 378 2694 epigrammate
392 2607 447 2673 illa
465 2617 622 2688 carerent,
643 2607 704 2674 uiri
724 2617 782 2674 aut
802 2607 843 2674 ad
858 2615 993 2674 matram
1011 2617 1067 2674 aut
1078 2609 1120 2676 ad
1136 2631 1190 2676 no·

142 2745 275 2790 uercam
288 2733 480 2812 spectarent.
495 2725 535 2790 de
546 2747 648 2791 uxore
660 2725 799 2812 quadem
810 2724 911 2791 altera
924 2724 1041 2810 uitrici,
1053 2748 1190 2815 quacum

142 2839 269 2908 Gellius
290 2864 332 2907 oe
353 2841 484 2908 minimo
506 2843 635 2931 qnidam
664 2844 867 2931 cognationis
889 2844 1018 2910 uinculo
1040 2845 1190 2909 coniunc-

140 2967 195 3024 tus
223 2958 353 3042 fuisset,
385 2959 529 3025 adhibita
549 2961 698 3027 acumina
719 2959 849 3026 illorum
871 2961 1049 3026 carminum
1071 2983 1190 3047 magno

141 3095 243 3163 opere
274 3075 403 3143 hebetia
433 3085 466 3142 et
490 3075 616 3142 infirme
646 3076 717 3142 iure
737 3078 858 3165 optimo
880 3077 972 3145 nobie
993 3078 1189 3145 uiderentur.

209 3435 238 3502 ⁸)
256 3436 437 3490 Hereditatem
453 3451 534 3504 quem
550 3435 652 3490 Gallina
669 3442 731 3506 poet
748 3443 858 3490 mortem
875 3439 957 3506 patrie
975 3440 1079 3508 accepit
1095 3437 1189 3494 (iioero

139 3547 186 3600 pro
213 3531 281 3584 Sert
299 3531 317 3584 l.
336 3546 359 3582 a
381 3529 425 3582 hia
447 3533 663 3582 commemorauit
679 3532 768 3582 aemio
788 3541 878 3600 parua
895 3549 971 3601 paura
996 3533 1121 3602 (Gallice)
1136 3553 1190 3588 rem

137 3636 268 3696 pamm
295 3626 329 3678 ab
353 3625 489 3678 warum
512 3625 608 3678 diruit&
634 3625 670 3676 od
697 3625 897 3695 pbilosophorum
924 3625 1042 3679 reculam
1066 3629 1188 3697 portauit,

138 3725 214 3787 etque
235 3721 269 3773 ad
294 3717 406 3771 eandem
430 3733 485 3769 rem
507 3717 591 3770 narba
616 3720 765 3770 reseruntur
786 3719 968 3787 praecedentia
990 3724 1035 3790 μ’
1058 3739 1136 3790 aspar
1159 3739 1189 3774 eo

135 3833 185 3868 m
201 3817 254 3883 sair
269 3813 407 3886 populeris
424 3821 452 3865 et
469 3813 535 3866 bonu
553 3813 622 3865 soler
640 3821 757 3866 cmm
774 3818 801 3864 et
817 3828 878 3864 mox
902 3816 1039 3881 aequantia
1059 3832 1150 3884 parpes
1166 3823 1190 3866 et

132 3907 458 3984 warram&-
