2920 4492
407 355 461 408 IIl'l
496 353 544 408 DE
562 353 739 408 suumve
757 353 911 408 clevum
1153 359 1185 410 61

144 519 248 587 monia
279 520 365 588 inter
395 521 594 610 propinquos
628 521 709 588 inita
740 520 918 588 infeliciora
950 543 1023 590 esse
1057 523 1188 590 soleant

145 636 183 704 de
211 637 292 704 rixis
321 636 407 703 iuter
439 637 594 728 coniuges
625 637 834 727 gliscentibus
865 640 1071 706 conterantur
1105 660 1190 731 quau

144 749 254 820 Cicero
276 777 306 820 a.
330 753 466 838 694160,
496 777 561 843 quo
590 753 632 834 Q.
654 754 807 822 Metellus
839 754 935 822 Celer
966 757 1079 824 consul
1109 768 1188 841 erat,

144 869 183 936 sd
213 871 361 937 Atticum
381 879 401 937 u
426 873 442 936 1
466 873 487 937 b
507 871 547 938 de
567 871 755 939 muliercula
775 871 831 938 illo
858 873 999 961 scripsit,
1020 898 1077 964 eqo
1103 876 1188 942 suam

143 985 319 1074 (Clodiam)
341 990 392 1053 odr'
408 989 489 1054 mole
510 989 714 1056 coaudarcaa
757 1013 794 1056 ca
815 1003 860 1056 ost
880 994 959 1056 euim
974 994 1130 1073 acddrbsa,
1152 1017 1189 1058 ca

143 1129 207 1170 eam
227 1107 297 1172 urio
319 1105 432 1172 bellarm
452 1108 542 1192 yerr't,
556 1129 651 1192 neque
671 1106 769 1172 salum
790 1129 860 1172 cum
877 1105 1002 1174 Metello
1021 1107 1079 1174 sed
1097 1111 1189 1175 etiam

145 1245 210 1287 oum
230 1221 352 1306 Faue,
382 1221 468 1310 quod
486 1245 538 1288 eos
557 1223 640 1290 mlle·
658 1245 724 1288 esse
744 1223 865 1289 amicos
884 1224 1008 1290 molesta
1019 1223 1101 1310 fert.
1143 1225 1188 1292 its

142 1337 260 1406 factum
283 1348 344 1424 eet,
365 1348 401 1405 ut
424 1336 550 1423 Clodia,
574 1361 646 1404 oum
668 1337 792 1406 Metelli
815 1341 958 1426 grauitas
979 1351 1012 1406 et
1033 1342 1187 1408 seueritas

142 1454 359 1544 prohibuisset
390 1477 456 1546 quo
488 1456 594 1522 minus
626 1477 664 1521 ea
693 1478 792 1544 quam
818 1456 974 1524 effrenate
1000 1459 1099 1525 uellet
1118 1459 1187 1526 libi·

141 1570 248 1639 dinem
278 1573 450 1641 scelestam
471 1582 506 1640 et
525 1573 559 1638 in
578 1572 646 1639 dies
667 1583 864 1640 crescentem
887 1585 1073 1660 exerceret,
1106 1597 1187 1642 onus

140 1689 198 1756 sibi
223 1691 487 1758 molestissimum
514 1690 683 1758 sublatura
704 1713 731 1756 a.
754 1691 872 1768 695lb9
891 1691 1041 1758 maritum
1062 1713 1188 1759 ueneno

140 1818 278 1875 necaret.
315 1809 355 1875 cl.
370 1806 745 1896 &apolloniatae
767 1808 809 1874 60
829 1831 916 1896 quem
937 1813 1037 1875 mum
1058 1811 1188 1876 uuella

138 1926 187 1992 aab
210 1928 362 2012 repentini
379 1929 496 1992 scalari
521 1925 712 2009 samiam,
742 1949 870 2013 quaram
891 1928 975 1992 modo
995 1927 1050 1992 elle
1062 1929 1191 2012 florenti

137 2041 241 2126 fratri
250 2067 309 2110 arao
323 2045 489 2110 cacans
500 2045 667 2110 rosulisrct.
689 2044 799 2133 itaque
814 2045 912 2110 etiam
928 2020 1057 2111 Caelius
1070 2043 1186 2127 Rufus,

138 2159 177 2224 de
189 2182 253 2248 quo
268 2162 364 2249 plura
379 2184 456 2228 mox
470 2160 563 2227 nobis
579 2160 713 2228 dicenda
727 2169 831 2243 eruut,
855 2161 888 2226 in
903 2162 1049 2227 oratione
1063 2163 1097 2226 in
1113 2161 1187 2228 olo

137 2275 219 2344 dium
231 2266 346 2345 habits
360 2301 431 2345 eam
442 2253 702 2367 ‘Clytemestram
716 2272 987 2365 quadrantariom'
997 2277 1185 2362 nominauit,

137 2394 176 2460 ei.
186 2391 324 2476 Quintil.
334 2417 387 2461 vsu
397 2395 477 2461 653.
493 2395 753 2483 quadrantariam
762 2415 851 2478 uero,
858 2416 942 2483 quae
949 2405 999 2462 est
1007 2393 1186 2461 mulieruili

137 2511 325 2597 quadrantis
339 2512 486 2578 mercede
498 2511 670 2600 unicuique
686 2535 801 2600 corpus
815 2513 1022 2601 prostituens,
1038 2511 1185 2580 Clodiam

136 2627 265 2696 Caelius
285 2650 347 2695 nee
368 2629 491 2718 primus
513 2651 573 2695 nec
594 2630 682 2695 solus
704 2629 849 2714 uocauit,
880 2629 937 2696 sed
966 2651 1083 2695 nomen
1105 2629 1184 2695 illud
1231 2611 1237 2624 ⁵

135 2767 192 2833 per
211 2746 388 2812 ludibrium
410 2745 549 2812 inditum
569 2755 638 2812 tum
659 2746 693 2810 in
714 2746 855 2812 omnium
877 2768 932 2812 ore
960 2757 1038 2830 eret,
1061 2747 1100 2812 cl.
1116 2744 1184 2815 cic.

134 2885 192 2950 pro
214 2863 306 2932 Cael.
321 2863 362 2930 26
383 2864 433 2930 62.
454 2863 496 2929 29
517 2863 559 2929 69
581 2885 653 2929 cum
675 2861 864 2928 Drumanno
885 2861 950 2930 HR
972 2888 990 2929 ιι
1013 2863 1071 2930 381
1095 2863 1183 2930 Plut.

136 2978 203 3048 Oia.
235 2981 287 3047 29.
336 2991 505 3069 praeterea
538 2979 654 3048 Cicero
697 2979 843 3047 Clodiam
886 2979 1014 3068 saepius
1056 2980 1186 3048 nomine

134 3089 302 3180 βοώπιδος
323 3097 428 3165 inrisit
461 3097 517 3182 (cl'.
541 3098 583 3164 ad
602 3097 702 3163 Attio.
723 3119 743 3162 u
764 3096 784 3160 9
807 3097 834 3162 1.
867 3096 906 3160 12
926 3097 956 3162 2.
981 3097 1022 3161 14
1044 3096 1071 3161 1.
1093 3095 1184 3164 22b

136 3215 176 3281 23
189 3215 235 3301 3),
258 3237 324 3303 quo
338 3213 467 3282 nomine
481 3213 706 3282 auctoritatem
722 3224 756 3280 et
768 3213 927 3300 inperium
942 3213 1184 3301 qualecumque,

137 3333 222 3421 quod
237 3331 354 3399 Clodia
374 3333 436 3400 sibi
457 3333 549 3420 quasi
573 3333 676 3398 altera
688 3319 782 3418 “Hoc
795 3330 928 3412 βοῶπις
949 3331 1001 3396 uel
1025 3329 1066 3395 de
1087 3331 1184 3398 rebus

137 3449 273 3538 publicis
296 3447 488 3537 adrogabat,
510 3448 625 3514 Cicero
646 3449 730 3514 salse
754 3447 926 3514 cauillatur
946 3447 1001 3532 (ef.
1018 3469 1078 3536 pro
1095 3447 1182 3515 Geel.

136 3567 176 3632 26
201 3567 244 3634 62
271 3569 386 3634 mulier
417 3567 478 3632 illa
511 3579 621 3654 poteras
651 3567 908 3653 quadrantaria),
951 3565 1038 3654 quod
1068 3586 1184 3631 nomen

136 3683 209 3770 quia
237 3683 373 3752 Clodiae
403 3683 487 3749 oculi
515 3683 626 3770 magni
646 3692 680 3748 et
701 3682 852 3749 ardentes
873 3693 983 3766 erant,
1015 3703 1053 3748 eo
1082 3683 1185 3748 malua

137 3802 280 3868 continet
315 3821 462 3867 acumen.
510 3799 550 3866 ct
579 3798 695 3866 cicero
723 3800 764 3866 de
792 3799 921 3887 harusp.
955 3821 1038 3888 resp.
1074 3799 1113 3864 18
1144 3799 1185 3864 38

138 3939 173 3985 aa
194 3919 232 3986 r'd
253 3919 376 4008 perideo
397 3921 490 3984 south
511 3923 678 3984 corbones
699 3901 769 3984 'sues
783 3917 887 3984 cordos
901 3919 996 3982 abaur'
1013 3917 1060 3981 tui
1081 3916 1184 4002 maala
