2920 4492
267 338 283 386 6
687 327 899 386 Puoouurvu

267 501 465 576 deiecerunt,
486 521 559 564 oum
579 502 742 566 rotelando
762 500 930 585 (xxxviii)
954 509 987 566 ot
1000 500 1189 566 menolatum
1205 501 1263 585 (nu
1278 502 1314 584 3)

138 632 140 638 ·
267 617 299 684 in
315 618 444 682 Dstsno
462 615 706 704 deprehendere
721 615 781 682 sibi
797 615 985 682 uideretur:
1000 639 1074 682 nem
1090 640 1174 705 quse
1187 617 1314 684 illorum

267 735 337 800 loeo
353 733 580 800 Leohmennus
602 733 634 798 in
652 731 763 798 codiee
786 733 929 819 repperit
948 733 1105 798 ustilanda
1127 743 1159 800 et
1179 738 1317 800 consulo-

267 865 338 934 tum,
361 873 422 938 ego
443 873 574 938 quoque
595 849 768 915 clarissime
788 848 834 916 ihi
855 861 967 916 extsre
989 850 1066 916 uidi.
1109 849 1259 938 denique,
1282 862 1318 916 ut

268 970 365 1036 etiem
399 968 439 1034 de
470 966 638 1034 Laurentii
671 965 819 1033 Sentenii
850 966 962 1033 oodioe
974 1013 984 1050 ,
1020 987 1115 1055 quem
1147 976 1182 1032 et
1213 968 1317 1054 ipsum

269 1086 482 1172 neglegenter
496 1085 696 1171 excerpsisse
711 1083 915 1152 Froehnerus
931 1083 1173 1150 Lachmannum
1190 1085 1222 1150 in
1241 1097 1318 1150 note

269 1224 302 1289 p.
324 1201 387 1266 580
409 1200 524 1289 arguit,
546 1201 670 1289 aliquid
692 1200 806 1278 dicam,
827 1200 997 1268 falsissime
1012 1223 1050 1266 es
1065 1210 1140 1268 sunt
1160 1223 1245 1288 quse
1265 1199 1318 1266 ille

270 1318 311 1382 de
338 1320 469 1384 minaeis
498 1323 550 1399 (un
572 1317 608 1404 6)
636 1317 804 1385 ednotsuit
825 1342 833 1382 ε
856 1340 931 1384 nem
963 1341 1028 1384 non
1061 1329 1127 1384 tom
1156 1329 1184 1383 et
1210 1322 1319 1401 enim,

270 1435 356 1524 quod
377 1435 553 1501 Froehueri
580 1435 705 1500 incuria
732 1434 959 1521 deprehendit,
990 1457 1086 1523 quem
1114 1433 1201 1502 idem
1230 1433 1320 1520 quod

270 1553 336 1616 iem
364 1550 489 1639 pridem
515 1550 744 1617 Laohmeunus
773 1561 962 1618 enotouerot
990 1553 1023 1618 es'
1049 1553 1150 1618 mim
1180 1551 1320 1618 dilucide

271 1669 426 1756 seriptum
447 1669 480 1733 in
503 1669 612 1734 codiee
633 1668 806 1734 inuenitur.

353 1785 470 1872 Iteque
498 1784 524 1850 si
545 1795 762 1852 correctorum
783 1785 954 1868 lectiones,
976 1805 1057 1872 quse
1079 1784 1321 1872 Lsohmsnnus,

271 1905 403 1990 quippe·
422 1925 495 1967 eum
528 1921 637 1966 merse
669 1901 824 1968 Italorum
856 1903 1005 1988 quemuis
1039 1923 1134 1989 soepe
1165 1905 1321 1989 egregise

272 2020 478 2084 oonieeturee
499 2019 562 2084 sint
573 2066 582 2102 ,
612 2017 757 2084 consulto
780 2027 814 2084 et
834 2019 905 2084 iure
926 2041 984 2084 suo
1004 2040 1070 2084 non
1092 2018 1258 2102 euoteuit,
1289 2030 1322 2086 et

273 2135 462 2224 quisquilias
485 2135 769 2222 orthographicas,
796 2155 935 2223 querum
957 2133 1160 2201 Froehnorus
1183 2135 1322 2204 indicem

272 2254 412 2342 plenum,
434 2253 526 2318 euius
547 2274 640 2318 usum
661 2251 807 2318 oritioum
829 2251 944 2318 einen
966 2252 1163 2334 inuidemus,
1184 2251 1321 2340 diligen·

273 2373 338 2436 tiee
360 2369 482 2438 seilicet
503 2370 713 2436 ostenlsndoe
728 2390 842 2436 oeuess
857 2371 888 2435 in
905 2369 1080 2456 specimine
1092 2367 1148 2435 illo
1164 2369 1322 2454 exhibuit,

274 2488 490 2568 omiserimus,
516 2485 710 2572 paucissimo
737 2507 904 2574 superesse
931 2496 1021 2574 patet
1050 2507 1133 2574 quse
1161 2486 1215 2552 ille
1238 2487 1322 2554 ferte

272 2606 404 2672 fortuna
425 2603 527 2691 magis
549 2626 644 2691 quem
668 2603 810 2670 sollertis
830 2603 960 2670 adiutus
974 2602 1185 2670 Lnohmenno
1203 2603 1323 2672 rectius

275 2722 365 2809 legit.
407 2743 491 2808 quse
512 2744 584 2786 num
606 2721 652 2787 its
673 2720 751 2805 sint,
780 2743 821 2786 ex
843 2721 989 2810 quolibet
1010 2721 1157 2788 ueritstis
1178 2721 1322 2788 studioso

275 2838 459 2928 quaerimus
478 2859 555 2902 num
572 2837 785 2920 Froehnerus‚
808 2837 863 2925 qui
885 2838 919 2904 in
940 2837 1051 2925 peuois
1073 2837 1136 2904 illis
1157 2837 1323 2925 exemplis,
1366 2887 1373 2894 -
1453 2881 1454 2888 κ

274 2955 392 3045 quibus
408 2953 608 3021 Leohmsnni
628 2952 785 3020 incuriam
802 2953 945 3042 perfeeto
966 2956 1167 3042 eonprohsre
1189 2953 1323 3038 studuit,

274 3073 343 3159 ipse
365 3083 432 3138 tsm
455 3093 551 3159 saepe
571 3094 611 3137 ee
631 3081 698 3137 tem
727 3075 874 3158 grauiter
902 3072 1069 3159 peeeenit,
1101 3071 1235 3140 idoneus
1266 3073 1322 3158 qui

275 3188 476 3256 Leohmnnni
491 3199 644 3276 exeerpte
664 3188 813 3256 oodioum
828 3187 1083 3256 Ostullienorum
1098 3189 1139 3254 sd
1153 3189 1323 3256 ueritatem

273 3302 389 3393 exiget
417 3317 449 3372 et
477 3305 597 3393 dignus
622 3305 673 3372 eui
696 3305 793 3372 fidem
814 3327 894 3394 pree
915 3306 1123 3372 Lsohmsnno
1145 3305 1323 3374 hehesmus

274 3424 382 3511 putari
403 3425 514 3511 possit.
556 3423 589 3488 in
611 3424 796 3490 uniuersum
819 3443 988 3505 nerones,
1013 3422 1069 3510 qui
1091 3421 1172 3488 duos
1194 3422 1323 3490 oodioes

274 3541 306 3606 D
330 3550 363 3607 et
382 3539 411 3604 L
433 3564 452 3606 n
473 3540 682 3607 Lsehmsnno
696 3539 858 3608 exhibitos
879 3540 940 3628 ipsi
961 3561 1058 3626 quem
1080 3537 1324 3606 edourntissime

275 3657 438 3746 potuimus
460 3657 664 3741 sustulimus,
685 3656 930 3724 Lsehmsnnum
945 3656 1161 3740 adfirmemus,
1181 3657 1277 3722 etism
1297 3655 1323 3722 si

275 3774 467 3863 aliquotiens
499 3777 532 3842 in
563 3774 702 3862 legendo
734 3775 855 3842 errsuit
886 3785 920 3840 et
947 3773 1108 3862 quendem
1141 3775 1323 3842 inconsulto

275 3892 394 3975 omisit,
415 3891 513 3959 nihilo
536 3893 641 3960 minus
662 3900 769 3958 temen
792 3891 826 3958 in
848 3890 1014 3959 eodieihus
1036 3892 1099 3958 illie
1120 3891 1324 3962 eonfereudis
