2950 4480
253 237 431 306 mim

251 443 313 511 sed
340 444 400 510 has
428 442 533 508 multo
560 443 692 508 facilius
720 443 798 508 ferri
821 463 917 526 poeee
939 442 1083 510 arbitror
1104 464 1206 526 quarn
1229 445 1283 508 in·

258 561 427 629 commoda
450 561 539 628 haud
562 582 642 628 sane
669 583 775 646 parua
799 583 897 646 quae,
924 563 954 628 si
979 563 1093 629 omnia
1116 563 1153 628 in
1178 584 1284 630 unam

256 681 501 748 adnotationem
507 682 795 760 coartauieaemus‚
808 680 947 747 lectores
953 681 1121 748 offensura
1128 682 1281 748 fuissent

255 801 413 868 lectiones
441 810 476 866 et
509 803 549 866 in
577 809 813 866 contextum
841 800 1044 866 editionis
1071 800 1279 867 lachman-

255 923 403 987 nianae
425 921 600 986 alterius
624 920 788 997 (Berolini
814 919 906 986 1861.
922 918 957 1004 8)
979 927 1164 1004 receptae
1186 921 1278 1003 (Ian)

256 1040 350 1106 etin
365 1041 544 1106 eiusdem
560 1039 823 1105 adnotatione
843 1037 1143 1106 commendatae
1159 1041 1276 1123 (ὑπ’),

257 1158 362 1226 sicubi
385 1158 426 1224 ab
448 1158 602 1224 editionis
623 1159 722 1224 huius
738 1165 896 1224 contextu
910 1157 1078 1234 differunt,
1100 1155 1277 1252 diligenter

253 1277 421 1346 adnotaui.
464 1297 523 1344 our
544 1277 721 1344 editionem
744 1299 885 1360 quacum
906 1284 1054 1342 nostram
1075 1297 1134 1360 per
1154 1276 1280 1343 librum

258 1404 365 1461 totum
394 1396 577 1462 conferrem
606 1396 701 1460 illam
730 1417 831 1480 quam
859 1396 929 1460 dixi
956 1396 1078 1480 eligere
1103 1395 1280 1462 maluerim

259 1533 359 1597 quam
372 1513 517 1597 priorem
531 1513 742 1580 Lachmanni
757 1513 1029 1598 (Berolini18291
1052 1521 1087 1578 et
1100 1513 1281 1580 editionem

258 1640 433 1716 utramque
448 1632 644 1699 Maurioii
666 1631 839 1716 Hauptii
861 1632 1011 1717 (Lipsiae
1027 1631 1110 1698 1853
1125 1641 1159 1697 et
1173 1631 1280 1716 1861),

256 1753 352 1818 ouius
380 1752 560 1836 recognitio
588 1751 667 1817 libri
690 1750 816 1819 Catulli
838 1750 919 1818 loeis
941 1753 1040 1837 longe
1060 1751 1216 1836 plurimis
1238 1751 1281 1816 ad

259 1873 438 1937 sententies
466 1869 677 1936 Lachmanni
704 1872 909 1937 conformata
933 1869 1031 1936 hodie
1052 1869 1165 1936 locum
1185 1870 1278 1956 prin·

256 1991 366 2075 eipem
386 1991 474 2055 inter
496 2011 609 2055 omnes
639 1989 781 2068 obtinet,
810 1989 949 2054 lectores
976 1988 1156 2073 prudentes
1184 1989 1281 2056 facile

262 2109 471 2193 perspicient.
510 2108 567 2174 sed
590 2117 623 2174 et
645 2109 786 2194 Hauptii
807 2110 964 2175 lectiones
980 2109 1076 2194 (Hp.)
1099 2115 1133 2174 ct
1154 2109 1281 2174 Theo·

259 2227 347 2293 dori
370 2227 516 2313 Heysii
543 2228 664 2312 (editio
688 2250 764 2294 cum
785 2228 1057 2313 interpretatione
1081 2229 1280 2313 germanica.

261 2345 517 2412 Berolini1855.
534 2347 568 2428 8)
591 2355 624 2412 et
646 2347 823 2432 Augusti
845 2346 1090 2413 Rossbachii
1113 2347 1174 2428 (ed.
1189 2345 1280 2431 Lips.

260 2467 345 2532 1854
368 2465 515 2532 colace.
538 2465 581 2545 8)
605 2467 785 2550 scripturas
808 2468 886 2548 (Hc.
909 2475 943 2532 et
963 2467 1060 2552 Rc),
1083 2466 1283 2550 ubicumque

258 2585 342 2651 utile
364 2605 438 2651 ease
460 2585 649 2663 uidebatur,
679 2584 847 2668 adscripsi.
896 2593 1044 2650 ceterum
1066 2584 1152 2668 quod
1174 2584 1283 2652 Lach-

259 2725 402 2769 mannue
430 2702 472 2767 de
501 2725 562 2770 eus
589 2704 733 2770 editione
755 2703 842 2769 dixit
868 2706 1158 2771 emendationes
1187 2727 1282 2790 quoe

207 2892 210 2896 ,
259 2822 367 2888 eollo
395 2831 556 2888 auctore
581 2825 760 2889 indicato
788 2824 832 2889 e'n
858 2833 1084 2890 contectum
1103 2833 1282 2912 receptae

260 2943 342 3007 eo’rrt
368 2943 489 3008 Italis
515 2943 666 3007 ooeeule'
687 2946 767 3012 XV
789 2944 921 3010 deberi
949 2943 984 3008 id
1007 2942 1048 3008 de
1070 2949 1184 3010 nostra
1204 2964 1283 3027 quo·

262 3081 326 3145 que
353 3061 496 3127 editione
524 3061 650 3128 dietum
679 3061 764 3128 uolo.
788 3100 828 3108 -
851 3063 892 3127 In
914 3063 1112 3130 coniecturis
1134 3063 1282 3128 uirorum

264 3179 435 3246 doctorum
462 3181 688 3247 adscribendie
717 3203 770 3248 me
797 3183 885 3248 iusto
910 3183 1143 3266 patientiorem
1170 3190 1204 3248 et
1227 3181 1277 3246 in·

261 3297 502 3383 dulgentiorem
523 3301 625 3366 fuisse
641 3321 707 3365 non
729 3300 829 3392 nulli,¹
847 3301 972 3386 opinor,
994 3301 1202 3368 iudicabunt:
1225 3300 1283 3368 sed

262 3439 337 3484 cum
359 3427 436 3503 post
458 3417 629 3503 Silligium
653 3440 751 3485 nemo
773 3419 853 3486 dum
876 3428 1005 3486 extaret
1019 3421 1075 3504 qui
1090 3421 1166 3487 illae
1181 3420 1283 3486 conli-

261 3544 362 3621 geret,
373 3560 427 3603 me
439 3558 504 3604 non
516 3541 699 3623 parciorem
710 3560 783 3605 esee
793 3538 913 3606 debere
925 3540 1103 3606 arbitratus
1111 3561 1195 3607 eum.
1206 3559 1283 3624 ergo

262 3676 331 3721 non
354 3654 461 3720 solum
477 3659 684 3724 coniecturas
699 3658 895 3744 ingeniosas,
911 3659 968 3724 sed
985 3660 1086 3725 etiem
1100 3659 1283 3744 permultas

256 3793 416 3858 peruerse
427 3775 627 3874 excogitatas
640 3781 912 3845 commemoraui:
924 3779 1036 3862 quales
1048 3779 1103 3845 uel
1114 3779 1188 3844 ideo
1197 3777 1283 3863 quod
