<?xml version="1.0" encoding="UTF-8"?>
<!DOCTYPE html PUBLIC "-//W3C//DTD XHTML 1.0 Transitional//EN"
    "http://www.w3.org/TR/xhtml1/DTD/xhtml1-transitional.dtd">
<html xmlns="http://www.w3.org/1999/xhtml" xml:lang="en" lang="en">
 <head>
  <title>
</title>
<meta http-equiv="Content-Type" content="text/html;charset=utf-8" />
  <meta name='ocr-system' content='tesseract 3.04.00' />
  <meta name='ocr-capabilities' content='ocr_page ocr_carea ocr_par ocr_line ocrx_word'/>
</head>
<body>
  <div class='ocr_page' id='page_1' title='image "./gvalericatvllil00schwgoog_0349.png"; bbox 0 0 3002 4490; ppageno 0'>
   <div class='ocr_carea' id='block_1_1' title="bbox 267 322 1318 390">
    <p class='ocr_par' dir='ltr' id='par_1_1' title="bbox 267 322 1318 390">
     <span class='ocr_line' id='line_1_1' title="bbox 267 322 1318 390; baseline -0.003 -11"><span class='ocrx_word' id='word_1_1' title='bbox 267 329 318 382; x_wconf 69' lang='grc'><strong>820</strong></span> <span class='ocrx_word' id='word_1_2' title='bbox 353 325 430 380; x_wconf 74' lang='lat' dir='ltr'><strong>xxm</strong></span> <span class='ocrx_word' id='word_1_3' title='bbox 455 325 504 378; x_wconf 71' lang='lat' dir='ltr'><strong>DE</strong></span> <span class='ocrx_word' id='word_1_4' title='bbox 518 325 655 380; x_wconf 75' lang='lat' dir='ltr'><strong>mmo</strong></span> <span class='ocrx_word' id='word_1_5' title='bbox 672 325 866 390; x_wconf 71' lang='lat' dir='ltr'><strong>TORQVATO</strong></span> <span class='ocrx_word' id='word_1_6' title='bbox 883 325 931 378; x_wconf 80' lang='lat' dir='ltr'><strong>ET</strong></span> <span class='ocrx_word' id='word_1_7' title='bbox 948 324 1048 379; x_wconf 72' lang='lat' dir='ltr'><strong>vrum</strong></span> <span class='ocrx_word' id='word_1_8' title='bbox 1064 322 1318 378; x_wconf 73' lang='lat' dir='ltr'><strong>svuvuovhuts</strong></span> 
     </span>
    </p>
   </div>
   <div class='ocr_carea' id='block_1_2' title="bbox 264 489 1367 3963">
    <p class='ocr_par' dir='ltr' id='par_1_2' title="bbox 264 489 1367 3963">
     <span class='ocr_line' id='line_1_2' title="bbox 267 489 1318 582; baseline -0.006 -20"><span class='ocrx_word' id='word_1_9' title='bbox 267 504 300 562; x_wconf 90' lang='lat' dir='ltr'><strong>et</strong></span> <span class='ocrx_word' id='word_1_10' title='bbox 311 493 443 562; x_wconf 78' lang='lat' dir='ltr'><strong>Africae</strong></span> <span class='ocrx_word' id='word_1_11' title='bbox 455 514 541 558; x_wconf 85' lang='lat' dir='ltr'><strong>anno</strong></span> <span class='ocrx_word' id='word_1_12' title='bbox 556 490 704 581; x_wconf 74' lang='lat' dir='ltr'>sequenti</span> <span class='ocrx_word' id='word_1_13' title='bbox 719 501 961 582; x_wconf 71' lang='lat' dir='ltr'><strong>propraetorem</strong></span> <span class='ocrx_word' id='word_1_14' title='bbox 977 490 1162 578; x_wconf 63' lang='lat' dir='ltr'><strong>adpellau‘it</strong></span> <span class='ocrx_word' id='word_1_15' title='bbox 1184 489 1318 556; x_wconf 86' lang='lat' dir='ltr'><strong>minime</strong></span> 
     </span>
     <span class='ocr_line' id='line_1_3' title="bbox 267 607 1318 700; baseline -0.005 -23"><span class='ocrx_word' id='word_1_16' title='bbox 267 611 435 700; x_wconf 74' lang='lat' dir='ltr'><strong>probabile</strong></span> <span class='ocrx_word' id='word_1_17' title='bbox 455 609 574 676; x_wconf 80' lang='lat' dir='ltr'><strong>nedum</strong></span> <span class='ocrx_word' id='word_1_18' title='bbox 595 619 719 674; x_wconf 86' lang='lat' dir='ltr'><strong>certum</strong></span> <span class='ocrx_word' id='word_1_19' title='bbox 740 616 798 674; x_wconf 87' lang='lat' dir='ltr'><strong>est.</strong></span> <span class='ocrx_word' id='word_1_20' title='bbox 840 629 946 694; x_wconf 87' lang='lat' dir='ltr'><strong>nsque</strong></span> <span class='ocrx_word' id='word_1_21' title='bbox 967 609 1062 674; x_wconf 83' lang='lat' dir='ltr'><strong>uideo</strong></span> <span class='ocrx_word' id='word_1_22' title='bbox 1082 607 1197 695; x_wconf 89' lang='lat' dir='ltr'><strong>quibus</strong></span> <span class='ocrx_word' id='word_1_23' title='bbox 1217 629 1318 694; x_wconf 83' lang='lat' dir='ltr'><strong>argu·</strong></span> 
     </span>
     <span class='ocr_line' id='line_1_4' title="bbox 267 724 1319 794; baseline -0.004 0"><span class='ocrx_word' id='word_1_24' title='bbox 267 727 383 794; x_wconf 87' lang='lat' dir='ltr'><strong>mentis</strong></span> <span class='ocrx_word' id='word_1_25' title='bbox 413 726 484 793; x_wconf 78' lang='lat' dir='ltr'><strong>illos</strong></span> <span class='ocrx_word' id='word_1_26' title='bbox 506 724 644 792; x_wconf 84' lang='lat' dir='ltr'><strong>Manlios</strong></span> <span class='ocrx_word' id='word_1_27' title='bbox 672 726 814 792; x_wconf 86' lang='lat' dir='ltr'><strong>fraterno</strong></span> <span class='ocrx_word' id='word_1_28' title='bbox 843 725 972 790; x_wconf 88' lang='lat' dir='ltr'><strong>nomine</strong></span> <span class='ocrx_word' id='word_1_29' title='bbox 999 725 1187 790; x_wconf 86' lang='lat' dir='ltr'><strong>coniunctos</strong></span> <span class='ocrx_word' id='word_1_30' title='bbox 1212 725 1319 790; x_wconf 71' lang='lat' dir='ltr'><strong>fumeo</strong></span> 
     </span>
     <span class='ocr_line' id='line_1_5' title="bbox 267 839 1317 932; baseline -0.002 -24"><span class='ocrx_word' id='word_1_31' title='bbox 267 843 397 932; x_wconf 84' lang='lat' dir='ltr'><strong>probari</strong></span> <span class='ocrx_word' id='word_1_32' title='bbox 420 842 532 930; x_wconf 84' lang='lat' dir='ltr'><strong>possit,</strong></span> <span class='ocrx_word' id='word_1_33' title='bbox 552 843 613 908; x_wconf 88' lang='lat' dir='ltr'><strong>nisi</strong></span> <span class='ocrx_word' id='word_1_34' title='bbox 635 843 719 908; x_wconf 85' lang='lat' dir='ltr'><strong>sorte</strong></span> <span class='ocrx_word' id='word_1_35' title='bbox 742 843 815 930; x_wconf 86' lang='lat' dir='ltr'><strong>quis</strong></span> <span class='ocrx_word' id='word_1_36' title='bbox 836 840 945 908; x_wconf 85' lang='lat' dir='ltr'><strong>uerbis</strong></span> <span class='ocrx_word' id='word_1_37' title='bbox 965 841 1015 906; x_wconf 90' lang='lat' dir='ltr'><strong>his</strong></span> <span class='ocrx_word' id='word_1_38' title='bbox 1036 863 1119 930; x_wconf 85' lang='lat' dir='ltr'><strong>quae</strong></span> <span class='ocrx_word' id='word_1_39' title='bbox 1136 839 1251 908; x_wconf 79' lang='lat' dir='ltr'><strong>Cicero</strong></span> <span class='ocrx_word' id='word_1_40' title='bbox 1273 839 1317 906; x_wconf 84' lang='lat' dir='ltr'><strong>ad</strong></span> 
     </span>
     <span class='ocr_line' id='line_1_6' title="bbox 267 956 1317 1046; baseline -0.002 -20"><span class='ocrx_word' id='word_1_41' title='bbox 267 959 414 1028; x_wconf 88' lang='lat' dir='ltr'><strong>Atticum</strong></span> <span class='ocrx_word' id='word_1_42' title='bbox 438 957 552 1041; x_wconf 77' lang='grc' dir='ltr'>(νιιιιὸ</span> <span class='ocrx_word' id='word_1_43' title='bbox 576 960 608 1043; x_wconf 92' lang='grc'><strong>1)</strong></span> <span class='ocrx_word' id='word_1_44' title='bbox 631 958 760 1046; x_wconf 86' lang='lat' dir='ltr'><strong>scripsit</strong></span> <span class='ocrx_word' id='word_1_45' title='bbox 779 967 900 1024; x_wconf 87' lang='lat' dir='ltr'><strong>temere</strong></span> <span class='ocrx_word' id='word_1_46' title='bbox 921 959 1067 1026; x_wconf 87' lang='lat' dir='ltr'><strong>abutitur</strong></span> <span class='ocrx_word' id='word_1_47' title='bbox 1087 980 1094 1022; x_wconf 89' lang='lat'>:</span> <span class='ocrx_word' id='word_1_48' title='bbox 1116 960 1152 1022; x_wconf 79' lang='lat' dir='ltr'><strong>de</strong></span> <span class='ocrx_word' id='word_1_49' title='bbox 1173 956 1211 1022; x_wconf 78' lang='lat' dir='ltr'><strong>L.</strong></span> <span class='ocrx_word' id='word_1_50' title='bbox 1238 959 1317 1024; x_wconf 78' lang='lat' dir='ltr'><strong>&#39;lirr-</strong></span> 
     </span>
     <span class='ocr_line' id='line_1_7' title="bbox 268 1074 1320 1165; baseline -0.003 -22"><span class='ocrx_word' id='word_1_51' title='bbox 268 1089 360 1165; x_wconf 74' lang='lat' dir='ltr'><strong>quato</strong></span> <span class='ocrx_word' id='word_1_52' title='bbox 391 1075 474 1164; x_wconf 81' lang='lat' dir='ltr'><strong>quod</strong></span> <span class='ocrx_word' id='word_1_53' title='bbox 504 1081 641 1162; x_wconf 69' lang='lat' dir='ltr'><strong>quouis,</strong></span> <span class='ocrx_word' id='word_1_54' title='bbox 673 1099 731 1142; x_wconf 84' lang='lat' dir='ltr'><strong>aon</strong></span> <span class='ocrx_word' id='word_1_55' title='bbox 762 1077 848 1142; x_wconf 74' lang='lat' dir='ltr'><strong>ruodo</strong></span> <span class='ocrx_word' id='word_1_56' title='bbox 876 1075 992 1142; x_wconf 72' lang='lat' dir='ltr'><strong>Lurc&#39;srs</strong></span> <span class='ocrx_word' id='word_1_57' title='bbox 1018 1074 1075 1140; x_wconf 80' lang='lat' dir='ltr'><strong>aed</strong></span> <span class='ocrx_word' id='word_1_58' title='bbox 1101 1075 1193 1142; x_wconf 74' lang='lat' dir='ltr'><strong>etium</strong></span> <span class='ocrx_word' id='word_1_59' title='bbox 1214 1074 1320 1140; x_wconf 67' lang='lat' dir='ltr'><strong>men</strong></span> 
     </span>
     <span class='ocr_line' id='line_1_8' title="bbox 264 1165 1317 1281; baseline -0.003 -21"><span class='ocrx_word' id='word_1_60' title='bbox 264 1193 426 1281; x_wconf 76' lang='lat' dir='ltr'><strong>profectus</strong></span> <span class='ocrx_word' id='word_1_61' title='bbox 447 1204 497 1258; x_wconf 80' lang='lat' dir='ltr'><strong>sat.</strong></span> <span class='ocrx_word' id='word_1_62' title='bbox 539 1214 556 1258; x_wconf 92' lang='lat' dir='ltr'><strong>e</strong></span> <span class='ocrx_word' id='word_1_63' title='bbox 585 1191 746 1258; x_wconf 85' lang='lat' dir='ltr'><strong>contrario</strong></span> <span class='ocrx_word' id='word_1_64' title='bbox 775 1165 853 1256; x_wconf 78' lang='lat' dir='ltr'><strong>milii</strong></span> <span class='ocrx_word' id='word_1_65' title='bbox 881 1191 1011 1280; x_wconf 91' lang='lat' dir='ltr'><strong>quidem</strong></span> <span class='ocrx_word' id='word_1_66' title='bbox 1039 1192 1111 1257; x_wconf 88' lang='lat' dir='ltr'><strong>loco</strong></span> <span class='ocrx_word' id='word_1_67' title='bbox 1132 1189 1187 1277; x_wconf 92' lang='lat' dir='ltr'><strong>qui</strong></span> <span class='ocrx_word' id='word_1_68' title='bbox 1208 1189 1240 1255; x_wconf 87' lang='lat' dir='ltr'><strong>in</strong></span> <span class='ocrx_word' id='word_1_69' title='bbox 1263 1187 1317 1257; x_wconf 82' lang='lat' dir='ltr'><strong>ci-</strong></span> 
     </span>
     <span class='ocr_line' id='line_1_9' title="bbox 268 1305 1317 1376; baseline -0.004 0"><span class='ocrx_word' id='word_1_70' title='bbox 268 1309 395 1376; x_wconf 87' lang='lat' dir='ltr'><strong>ceronis</strong></span> <span class='ocrx_word' id='word_1_71' title='bbox 416 1310 456 1374; x_wconf 86' lang='lat' dir='ltr'><strong>de</strong></span> <span class='ocrx_word' id='word_1_72' title='bbox 477 1308 596 1376; x_wconf 86' lang='lat' dir='ltr'><strong>finibus</strong></span> <span class='ocrx_word' id='word_1_73' title='bbox 618 1331 636 1372; x_wconf 88' lang='grc' dir='ltr'><strong>ιι</strong></span> <span class='ocrx_word' id='word_1_74' title='bbox 657 1308 699 1372; x_wconf 87' lang='grc'><strong>22</strong></span> <span class='ocrx_word' id='word_1_75' title='bbox 721 1307 761 1372; x_wconf 76' lang='grc'><strong>72</strong></span> <span class='ocrx_word' id='word_1_76' title='bbox 782 1318 832 1373; x_wconf 88' lang='lat' dir='ltr'><strong>est</strong></span> <span class='ocrx_word' id='word_1_77' title='bbox 851 1308 1028 1374; x_wconf 89' lang='lat' dir='ltr'><strong>clarissime</strong></span> <span class='ocrx_word' id='word_1_78' title='bbox 1045 1307 1171 1372; x_wconf 86' lang='lat' dir='ltr'><strong>elucere</strong></span> <span class='ocrx_word' id='word_1_79' title='bbox 1186 1305 1317 1372; x_wconf 87' lang='lat' dir='ltr'><strong>uidetur</strong></span> 
     </span>
     <span class='ocr_line' id='line_1_10' title="bbox 268 1421 1315 1492; baseline -0.003 0"><span class='ocrx_word' id='word_1_80' title='bbox 268 1426 390 1492; x_wconf 85' lang='lat' dir='ltr'><strong>Aulum</strong></span> <span class='ocrx_word' id='word_1_81' title='bbox 412 1436 445 1492; x_wconf 90' lang='lat' dir='ltr'><strong>et</strong></span> <span class='ocrx_word' id='word_1_82' title='bbox 465 1423 606 1490; x_wconf 87' lang='lat' dir='ltr'><strong>Lucium</strong></span> <span class='ocrx_word' id='word_1_83' title='bbox 634 1445 698 1490; x_wconf 86' lang='lat' dir='ltr'><strong>uon</strong></span> <span class='ocrx_word' id='word_1_84' title='bbox 727 1422 827 1490; x_wconf 85' lang='lat' dir='ltr'><strong>fuisse</strong></span> <span class='ocrx_word' id='word_1_85' title='bbox 853 1425 979 1490; x_wconf 82' lang='lat' dir='ltr'><strong>fratres.</strong></span> <span class='ocrx_word' id='word_1_86' title='bbox 1021 1423 1067 1488; x_wconf 91' lang='lat' dir='ltr'><strong>ibi</strong></span> <span class='ocrx_word' id='word_1_87' title='bbox 1092 1423 1178 1490; x_wconf 87' lang='lat' dir='ltr'><strong>enim</strong></span> <span class='ocrx_word' id='word_1_88' title='bbox 1199 1421 1315 1490; x_wconf 84' lang='lat' dir='ltr'><strong>Cicero</strong></span> 
     </span>
     <span class='ocr_line' id='line_1_11' title="bbox 268 1541 1316 1632; baseline -0.002 -24"><span class='ocrx_word' id='word_1_89' title='bbox 268 1565 342 1610; x_wconf 86' lang='lat' dir='ltr'><strong>cum</strong></span> <span class='ocrx_word' id='word_1_90' title='bbox 363 1545 432 1632; x_wconf 88' lang='lat' dir='ltr'><strong>ipso</strong></span> <span class='ocrx_word' id='word_1_91' title='bbox 453 1541 556 1609; x_wconf 87' lang='lat' dir='ltr'><strong>Lucio</strong></span> <span class='ocrx_word' id='word_1_92' title='bbox 579 1541 747 1630; x_wconf 81' lang='lat' dir='ltr'><strong>Torquato</strong></span> <span class='ocrx_word' id='word_1_93' title='bbox 775 1541 972 1630; x_wconf 77' lang='lat' dir='ltr'><strong>conloquens</strong></span> <span class='ocrx_word' id='word_1_94' title='bbox 994 1549 1029 1606; x_wconf 91' lang='lat' dir='ltr'><strong>ut</strong></span> <span class='ocrx_word' id='word_1_95' title='bbox 1050 1548 1225 1627; x_wconf 84' lang='lat' dir='ltr'><strong>praecepta</strong></span> <span class='ocrx_word' id='word_1_96' title='bbox 1256 1562 1316 1606; x_wconf 85' lang='lat' dir='ltr'><strong>sua</strong></span> 
     </span>
     <span class='ocr_line' id='line_1_12' title="bbox 270 1654 1313 1748; baseline -0.002 -24"><span class='ocrx_word' id='word_1_97' title='bbox 270 1659 422 1747; x_wconf 85' lang='lat' dir='ltr'><strong>exemplis</strong></span> <span class='ocrx_word' id='word_1_98' title='bbox 451 1681 493 1726; x_wconf 84' lang='lat' dir='ltr'><strong>ex</strong></span> <span class='ocrx_word' id='word_1_99' title='bbox 522 1658 653 1726; x_wconf 88' lang='lat' dir='ltr'><strong>historia</strong></span> <span class='ocrx_word' id='word_1_100' title='bbox 681 1657 857 1748; x_wconf 77' lang='lat' dir='ltr'><strong>desumptis</strong></span> <span class='ocrx_word' id='word_1_101' title='bbox 883 1656 1006 1724; x_wconf 87' lang='lat' dir='ltr'><strong>muniat</strong></span> <span class='ocrx_word' id='word_1_102' title='bbox 1028 1657 1223 1724; x_wconf 87' lang='lat' dir='ltr'><strong>mentionem</strong></span> <span class='ocrx_word' id='word_1_103' title='bbox 1245 1654 1313 1722; x_wconf 88' lang='lat' dir='ltr'><strong>Titi</strong></span> 
     </span>
     <span class='ocr_line' id='line_1_13' title="bbox 268 1773 1318 1865; baseline -0.006 -23"><span class='ocrx_word' id='word_1_104' title='bbox 268 1776 352 1842; x_wconf 89' lang='lat' dir='ltr'><strong>illios</strong></span> <span class='ocrx_word' id='word_1_105' title='bbox 374 1776 498 1865; x_wconf 85' lang='lat' dir='ltr'><strong>antiqui</strong></span> <span class='ocrx_word' id='word_1_106' title='bbox 516 1775 630 1842; x_wconf 87' lang='lat' dir='ltr'><strong>Manlii</strong></span> <span class='ocrx_word' id='word_1_107' title='bbox 651 1775 808 1862; x_wconf 87' lang='lat' dir='ltr'><strong>Torquati</strong></span> <span class='ocrx_word' id='word_1_108' title='bbox 833 1775 976 1842; x_wconf 86' lang='lat' dir='ltr'><strong>facturus</strong></span> <span class='ocrx_word' id='word_1_109' title='bbox 997 1773 1043 1840; x_wconf 86' lang='lat' dir='ltr'><strong>its</strong></span> <span class='ocrx_word' id='word_1_110' title='bbox 1063 1773 1192 1860; x_wconf 79' lang='lat' dir='ltr'><strong>scripsit</strong></span> <span class='ocrx_word' id='word_1_111' title='bbox 1214 1796 1221 1837; x_wconf 95' lang='lat'><strong>:</strong></span> <span class='ocrx_word' id='word_1_112' title='bbox 1242 1775 1318 1858; x_wconf 76' lang='lat' dir='ltr'><strong>qm&#39;d</strong></span> 
     </span>
     <span class='ocr_line' id='line_1_14' title="bbox 269 1887 1316 1977; baseline -0.004 -19"><span class='ocrx_word' id='word_1_113' title='bbox 269 1893 348 1958; x_wconf 80' lang='lat' dir='ltr'><strong>ear‘m</strong></span> <span class='ocrx_word' id='word_1_114' title='bbox 359 1897 376 1958; x_wconf 82' lang='lat'><strong><em>?</em></strong></span> <span class='ocrx_word' id='word_1_115' title='bbox 387 1891 542 1977; x_wconf 81' lang='lat' dir='ltr'><strong>fortemne</strong></span> <span class='ocrx_word' id='word_1_116' title='bbox 560 1915 721 1977; x_wconf 81' lang='lat' dir='ltr'><strong>possamus</strong></span> <span class='ocrx_word' id='word_1_117' title='bbox 741 1892 842 1958; x_wconf 79' lang='lat' dir='ltr'><strong>dicere</strong></span> <span class='ocrx_word' id='word_1_118' title='bbox 862 1891 992 1958; x_wconf 78' lang='lat' dir='ltr'><strong>eundem</strong></span> <span class='ocrx_word' id='word_1_119' title='bbox 1005 1891 1092 1958; x_wconf 80' lang='lat' dir='ltr'><strong>illum</strong></span> <span class='ocrx_word' id='word_1_120' title='bbox 1110 1887 1316 1976; x_wconf 67' lang='lat' dir='ltr'><strong>Torquentem?</strong></span> 
     </span>
     <span class='ocr_line' id='line_1_15' title="bbox 271 2007 1367 2098; baseline -0.005 -24"><span class='ocrx_word' id='word_1_121' title='bbox 271 2045 305 2056; x_wconf 90' lang='lat'>-</span> <span class='ocrx_word' id='word_1_122' title='bbox 331 2009 579 2086; x_wconf 69' lang='lat' dir='ltr'><strong>deterreremus,</strong></span> <span class='ocrx_word' id='word_1_123' title='bbox 609 2033 797 2098; x_wconf 81' lang='lat' dir='ltr'><strong>quamquam</strong></span> <span class='ocrx_word' id='word_1_124' title='bbox 818 2021 845 2074; x_wconf 80' lang='lat' dir='ltr'><strong>tc</strong></span> <span class='ocrx_word' id='word_1_125' title='bbox 865 2033 925 2076; x_wconf 77' lang='lat' dir='ltr'><strong>aori</strong></span> <span class='ocrx_word' id='word_1_126' title='bbox 943 2031 1083 2095; x_wconf 84' lang='lat' dir='ltr'><strong>possum,</strong></span> <span class='ocrx_word' id='word_1_127' title='bbox 1105 2019 1138 2073; x_wconf 81' lang='lat' dir='ltr'><strong>ut</strong></span> <span class='ocrx_word' id='word_1_128' title='bbox 1157 2007 1225 2088; x_wconf 69' lang='grc' dir='ltr'><strong>αὑ,</strong></span> <span class='ocrx_word' id='word_1_129' title='bbox 1246 2029 1313 2070; x_wconf 83' lang='lat' dir='ltr'><strong>cor-</strong></span> <span class='ocrx_word' id='word_1_130' title='bbox 1365 2051 1367 2054; x_wconf 91' lang='lat'>-</span> 
     </span>
     <span class='ocr_line' id='line_1_16' title="bbox 268 2123 1315 2213; baseline -0.006 -21"><span class='ocrx_word' id='word_1_131' title='bbox 268 2149 424 2210; x_wconf 83' lang='lat' dir='ltr'><strong>rumpere,</strong></span> <span class='ocrx_word' id='word_1_132' title='bbox 450 2126 579 2192; x_wconf 82' lang='lat' dir='ltr'><strong>delector</strong></span> <span class='ocrx_word' id='word_1_133' title='bbox 604 2129 731 2213; x_wconf 74' lang='lat' dir='ltr'><strong>inquom</strong></span> <span class='ocrx_word' id='word_1_134' title='bbox 753 2137 779 2192; x_wconf 83' lang='lat' dir='ltr'><strong>er</strong></span> <span class='ocrx_word' id='word_1_135' title='bbox 798 2125 923 2210; x_wconf 69' lang='lat' dir='ltr'><strong>sumaim</strong></span> <span class='ocrx_word' id='word_1_136' title='bbox 943 2137 1045 2190; x_wconf 72' lang='lat' dir='ltr'><strong>matra</strong></span> <span class='ocrx_word' id='word_1_137' title='bbox 1066 2136 1093 2190; x_wconf 80' lang='lat' dir='ltr'><strong>et</strong></span> <span class='ocrx_word' id='word_1_138' title='bbox 1113 2123 1243 2188; x_wconf 77' lang='lat' dir='ltr'><strong>aomina</strong></span> <span class='ocrx_word' id='word_1_139' title='bbox 1287 2133 1315 2187; x_wconf 74' lang='lat' dir='ltr'><strong>et</strong></span> 
     </span>
     <span class='ocr_line' id='line_1_17' title="bbox 267 2239 1314 2330; baseline -0.007 -20"><span class='ocrx_word' id='word_1_140' title='bbox 267 2245 386 2310; x_wconf 66' lang='lat' dir='ltr'><strong>uenale</strong></span> <span class='ocrx_word' id='word_1_141' title='bbox 415 2243 491 2310; x_wconf 75' lang='lat' dir='ltr'><strong>mihi</strong></span> <span class='ocrx_word' id='word_1_142' title='bbox 510 2245 561 2310; x_wconf 77' lang='lat' dir='ltr'><strong>uir</strong></span> <span class='ocrx_word' id='word_1_143' title='bbox 579 2243 707 2330; x_wconf 77' lang='lat' dir='ltr'><strong>optimus</strong></span> <span class='ocrx_word' id='word_1_144' title='bbox 725 2245 881 2330; x_wconf 79' lang='lat' dir='ltr'><strong>nostrique</strong></span> <span class='ocrx_word' id='word_1_145' title='bbox 902 2245 1141 2317; x_wconf 62' lang='lat' dir='ltr'><strong>amomacum,</strong></span> <span class='ocrx_word' id='word_1_146' title='bbox 1168 2239 1209 2304; x_wconf 83' lang='lat' dir='ltr'><strong>A.</strong></span> <span class='ocrx_word' id='word_1_147' title='bbox 1236 2241 1314 2304; x_wconf 86' lang='lat' dir='ltr'><strong>Tor-</strong></span> 
     </span>
     <span class='ocr_line' id='line_1_18' title="bbox 268 2355 1316 2448; baseline -0.006 -21"><span class='ocrx_word' id='word_1_148' title='bbox 268 2373 389 2448; x_wconf 74' lang='lat' dir='ltr'><strong>quatus,</strong></span> <span class='ocrx_word' id='word_1_149' title='bbox 410 2373 553 2426; x_wconf 73' lang='lat' dir='ltr'><strong>umromr</strong></span> <span class='ocrx_word' id='word_1_150' title='bbox 573 2373 639 2426; x_wconf 79' lang='lat' dir='ltr'><strong>onte</strong></span> <span class='ocrx_word' id='word_1_151' title='bbox 660 2362 772 2435; x_wconf 82' lang='lat' dir='ltr'><strong>oeulos,</strong></span> <span class='ocrx_word' id='word_1_152' title='bbox 794 2365 882 2424; x_wconf 80' lang='lat' dir='ltr'><strong>ouiua</strong></span> <span class='ocrx_word' id='word_1_153' title='bbox 903 2371 1046 2446; x_wconf 71' lang='lat' dir='ltr'><strong>precatum</strong></span> <span class='ocrx_word' id='word_1_154' title='bbox 1066 2359 1195 2423; x_wconf 76' lang='lat' dir='ltr'><strong>studium</strong></span> <span class='ocrx_word' id='word_1_155' title='bbox 1215 2355 1316 2440; x_wconf 75' lang='lat' dir='ltr'><strong>fuerit</strong></span> 
     </span>
     <span class='ocr_line' id='line_1_19' title="bbox 269 2475 1315 2566; baseline -0.005 -23"><span class='ocrx_word' id='word_1_156' title='bbox 269 2491 297 2543; x_wconf 78' lang='lat' dir='ltr'><strong>et</strong></span> <span class='ocrx_word' id='word_1_157' title='bbox 316 2501 405 2565; x_wconf 81' lang='lat' dir='ltr'><strong>quom</strong></span> <span class='ocrx_word' id='word_1_158' title='bbox 425 2479 549 2566; x_wconf 55' lang='lat' dir='ltr'><strong>mamae</strong></span> <span class='ocrx_word' id='word_1_159' title='bbox 569 2499 643 2564; x_wconf 78' lang='lat' dir='ltr'><strong>erpo</strong></span> <span class='ocrx_word' id='word_1_160' title='bbox 662 2497 710 2542; x_wconf 83' lang='lat' dir='ltr'><strong>me</strong></span> <span class='ocrx_word' id='word_1_161' title='bbox 730 2476 909 2562; x_wconf 66' lang='lat' dir='ltr'><strong>tenporibus</strong></span> <span class='ocrx_word' id='word_1_162' title='bbox 930 2475 1016 2558; x_wconf 67' lang='grc' dir='ltr'>ι’ἰίὼ,</span> <span class='ocrx_word' id='word_1_163' title='bbox 1044 2496 1121 2561; x_wconf 83' lang='lat' dir='ltr'><strong>quae</strong></span> <span class='ocrx_word' id='word_1_164' title='bbox 1149 2485 1217 2538; x_wconf 84' lang='lat' dir='ltr'><strong>aeto</strong></span> <span class='ocrx_word' id='word_1_165' title='bbox 1245 2485 1315 2538; x_wconf 68' lang='lat' dir='ltr'><strong>mort</strong></span> 
     </span>
     <span class='ocr_line' id='line_1_20' title="bbox 268 2589 1314 2686; baseline -0.004 -27"><span class='ocrx_word' id='word_1_166' title='bbox 268 2594 411 2676; x_wconf 64' lang='lat' dir='ltr'><strong>omacius,</strong></span> <span class='ocrx_word' id='word_1_167' title='bbox 432 2596 515 2661; x_wconf 78' lang='lat' dir='ltr'><strong>sciro</strong></span> <span class='ocrx_word' id='word_1_168' title='bbox 528 2616 649 2660; x_wconf 75' lang='lat' dir='ltr'><strong>arcesse</strong></span> <span class='ocrx_word' id='word_1_169' title='bbox 661 2605 706 2658; x_wconf 79' lang='lat' dir='ltr'><strong>ert</strong></span> <span class='ocrx_word' id='word_1_170' title='bbox 720 2605 880 2680; x_wconf 62' lang='lat' dir='ltr'><strong>memque</strong></span> <span class='ocrx_word' id='word_1_171' title='bbox 892 2605 1132 2686; x_wconf 40' lang='lat' dir='ltr'><strong>uestrumpquoe</strong></span> <span class='ocrx_word' id='word_1_172' title='bbox 1150 2589 1222 2655; x_wconf 77' lang='lat' dir='ltr'><strong>milu&#39;</strong></span> <span class='ocrx_word' id='word_1_173' title='bbox 1239 2591 1314 2675; x_wconf 75' lang='lat' dir='ltr'><strong>ipsi,</strong></span> 
     </span>
     <span class='ocr_line' id='line_1_21' title="bbox 269 2707 1318 2798; baseline -0.004 -22"><span class='ocrx_word' id='word_1_174' title='bbox 269 2713 410 2798; x_wconf 68' lang='lat' dir='ltr'><strong>quintolo</strong></span> <span class='ocrx_word' id='word_1_175' title='bbox 432 2725 459 2776; x_wconf 75' lang='lat' dir='ltr'><strong>et</strong></span> <span class='ocrx_word' id='word_1_176' title='bbox 481 2733 546 2776; x_wconf 80' lang='lat' dir='ltr'><strong>erae</strong></span> <span class='ocrx_word' id='word_1_177' title='bbox 565 2722 593 2776; x_wconf 79' lang='lat' dir='ltr'><strong>at</strong></span> <span class='ocrx_word' id='word_1_178' title='bbox 617 2709 728 2779; x_wconf 68' lang='lat' dir='ltr'><strong>tabet</strong></span> <span class='ocrx_word' id='word_1_179' title='bbox 749 2722 875 2798; x_wconf 72' lang='lat' dir='ltr'><strong>pratum,</strong></span> <span class='ocrx_word' id='word_1_180' title='bbox 899 2720 993 2795; x_wconf 76' lang='lat' dir='ltr'><strong>proto</strong></span> <span class='ocrx_word' id='word_1_181' title='bbox 1021 2733 1081 2774; x_wconf 87' lang='lat' dir='ltr'><strong>aoa</strong></span> <span class='ocrx_word' id='word_1_182' title='bbox 1111 2719 1223 2785; x_wconf 73' lang='lat' dir='ltr'><strong>meru,</strong></span> <span class='ocrx_word' id='word_1_183' title='bbox 1250 2707 1318 2772; x_wconf 72' lang='lat' dir='ltr'><strong>nei</strong></span> 
     </span>
     <span class='ocr_line' id='line_1_22' title="bbox 268 2822 1316 2913; baseline -0.005 -20"><span class='ocrx_word' id='word_1_184' title='bbox 268 2849 334 2894; x_wconf 75' lang='lat' dir='ltr'><strong>mm</strong></span> <span class='ocrx_word' id='word_1_185' title='bbox 358 2832 566 2913; x_wconf 74' lang='lat' dir='ltr'><strong>perspicerem</strong></span> <span class='ocrx_word' id='word_1_186' title='bbox 595 2850 662 2892; x_wconf 80' lang='lat' dir='ltr'><strong>mco</strong></span> <span class='ocrx_word' id='word_1_187' title='bbox 689 2848 801 2892; x_wconf 78' lang='lat' dir='ltr'><strong>caussa</strong></span> <span class='ocrx_word' id='word_1_188' title='bbox 828 2829 899 2892; x_wconf 77' lang='lat' dir='ltr'><strong>milri</strong></span> <span class='ocrx_word' id='word_1_189' title='bbox 926 2826 1063 2892; x_wconf 78' lang='lat' dir='ltr'><strong>amioum</strong></span> <span class='ocrx_word' id='word_1_190' title='bbox 1086 2823 1204 2912; x_wconf 66' lang='lat' dir='ltr'><strong>flasse.</strong></span> <span class='ocrx_word' id='word_1_191' title='bbox 1251 2822 1316 2890; x_wconf 85' lang='lat' dir='ltr'><strong>hoo</strong></span> 
     </span>
     <span class='ocr_line' id='line_1_23' title="bbox 267 2940 1315 3031; baseline -0.005 -20"><span class='ocrx_word' id='word_1_192' title='bbox 267 2944 339 3011; x_wconf 77' lang='lat' dir='ltr'><strong>loco</strong></span> <span class='ocrx_word' id='word_1_193' title='bbox 369 2940 483 3010; x_wconf 83' lang='lat' dir='ltr'><strong>Cicero</strong></span> <span class='ocrx_word' id='word_1_194' title='bbox 513 2944 623 3012; x_wconf 65' lang='lat' dir='ltr'><strong>inuis</strong></span> <span class='ocrx_word' id='word_1_195' title='bbox 649 2963 768 3010; x_wconf 85' lang='lat' dir='ltr'><strong>nomen</strong></span> <span class='ocrx_word' id='word_1_196' title='bbox 799 2944 936 3010; x_wconf 87' lang='lat' dir='ltr'><strong>reticere</strong></span> <span class='ocrx_word' id='word_1_197' title='bbox 960 2963 1027 3008; x_wconf 87' lang='lat' dir='ltr'><strong>non</strong></span> <span class='ocrx_word' id='word_1_198' title='bbox 1054 2943 1178 3031; x_wconf 86' lang='lat' dir='ltr'><strong>potuit,</strong></span> <span class='ocrx_word' id='word_1_199' title='bbox 1214 2941 1242 3008; x_wconf 88' lang='lat' dir='ltr'><strong>si</strong></span> <span class='ocrx_word' id='word_1_200' title='bbox 1269 2942 1315 3006; x_wconf 84' lang='lat' dir='ltr'><strong>A.</strong></span> 
     </span>
     <span class='ocr_line' id='line_1_24' title="bbox 269 3056 1315 3129; baseline -0.004 0"><span class='ocrx_word' id='word_1_201' title='bbox 269 3074 301 3129; x_wconf 85' lang='lat' dir='ltr'><strong>et</strong></span> <span class='ocrx_word' id='word_1_202' title='bbox 328 3060 368 3127; x_wconf 87' lang='lat' dir='ltr'><strong>L.</strong></span> <span class='ocrx_word' id='word_1_203' title='bbox 395 3059 511 3128; x_wconf 82' lang='lat' dir='ltr'><strong>Manlii</strong></span> <span class='ocrx_word' id='word_1_204' title='bbox 539 3082 574 3125; x_wconf 88' lang='lat' dir='ltr'><strong>re</strong></span> <span class='ocrx_word' id='word_1_205' title='bbox 601 3081 679 3127; x_wconf 88' lang='lat' dir='ltr'><strong>uera</strong></span> <span class='ocrx_word' id='word_1_206' title='bbox 710 3059 826 3127; x_wconf 87' lang='lat' dir='ltr'><strong>fratres</strong></span> <span class='ocrx_word' id='word_1_207' title='bbox 852 3058 997 3126; x_wconf 80' lang='lat' dir='ltr'><strong>fuissent.</strong></span> <span class='ocrx_word' id='word_1_208' title='bbox 1040 3079 1100 3126; x_wconf 87' lang='lat' dir='ltr'><strong>neo</strong></span> <span class='ocrx_word' id='word_1_209' title='bbox 1127 3056 1315 3125; x_wconf 87' lang='lat' dir='ltr'><strong>melioribus</strong></span> 
     </span>
     <span class='ocr_line' id='line_1_25' title="bbox 268 3174 1315 3266; baseline -0.004 -23"><span class='ocrx_word' id='word_1_210' title='bbox 268 3178 468 3265; x_wconf 69' lang='lat' dir='ltr'><strong>argumentis</strong></span> <span class='ocrx_word' id='word_1_211' title='bbox 498 3188 651 3266; x_wconf 78' lang='lat' dir='ltr'><strong>praetura</strong></span> <span class='ocrx_word' id='word_1_212' title='bbox 676 3177 718 3243; x_wconf 84' lang='lat' dir='ltr'><strong>A.</strong></span> <span class='ocrx_word' id='word_1_213' title='bbox 741 3177 901 3266; x_wconf 82' lang='lat' dir='ltr'><strong>Torquati</strong></span> <span class='ocrx_word' id='word_1_214' title='bbox 929 3176 1006 3242; x_wconf 86' lang='lat' dir='ltr'><strong>anni</strong></span> <span class='ocrx_word' id='word_1_215' title='bbox 1033 3174 1150 3252; x_wconf 67' lang='grc'>702152</span> <span class='ocrx_word' id='word_1_216' title='bbox 1177 3195 1315 3262; x_wconf 84' lang='lat' dir='ltr'><strong>conpro-</strong></span> 
     </span>
     <span class='ocr_line' id='line_1_26' title="bbox 265 3280 1314 3378; baseline -0.002 -18"><span class='ocrx_word' id='word_1_217' title='bbox 265 3293 343 3360; x_wconf 88' lang='lat' dir='ltr'><strong>bata</strong></span> <span class='ocrx_word' id='word_1_218' title='bbox 363 3304 422 3362; x_wconf 88' lang='lat' dir='ltr'><strong>est.</strong></span> <span class='ocrx_word' id='word_1_219' title='bbox 463 3295 543 3362; x_wconf 88' lang='lat' dir='ltr'><strong>haec</strong></span> <span class='ocrx_word' id='word_1_220' title='bbox 570 3295 656 3362; x_wconf 85' lang='lat' dir='ltr'><strong>enim</strong></span> <span class='ocrx_word' id='word_1_221' title='bbox 685 3280 948 3362; x_wconf 46' lang='lat' dir='ltr'><strong>sententia&#39;locis</strong></span> <span class='ocrx_word' id='word_1_222' title='bbox 975 3291 1102 3360; x_wconf 86' lang='lat' dir='ltr'><strong>duobus</strong></span> <span class='ocrx_word' id='word_1_223' title='bbox 1128 3293 1314 3378; x_wconf 80' lang='lat' dir='ltr'><strong>argumenti</strong></span> 
     </span>
     <span class='ocr_line' id='line_1_27' title="bbox 265 3407 1312 3494; baseline -0.005 -16"><span class='ocrx_word' id='word_1_224' title='bbox 265 3411 402 3478; x_wconf 84' lang='lat' dir='ltr'><strong>Asconii</strong></span> <span class='ocrx_word' id='word_1_225' title='bbox 433 3411 569 3480; x_wconf 89' lang='lat' dir='ltr'><strong>Pediani</strong></span> <span class='ocrx_word' id='word_1_226' title='bbox 597 3414 631 3478; x_wconf 88' lang='lat' dir='ltr'><strong>iu</strong></span> <span class='ocrx_word' id='word_1_227' title='bbox 658 3411 824 3479; x_wconf 78' lang='lat' dir='ltr'><strong>Ciceronis</strong></span> <span class='ocrx_word' id='word_1_228' title='bbox 850 3409 1060 3476; x_wconf 85' lang='lat' dir='ltr'><strong>Milonianam</strong></span> <span class='ocrx_word' id='word_1_229' title='bbox 1082 3411 1118 3494; x_wconf 64' lang='grc' dir='ltr'><strong>(ξ</strong></span> <span class='ocrx_word' id='word_1_230' title='bbox 1138 3409 1180 3476; x_wconf 79' lang='grc'><strong>25</strong></span> <span class='ocrx_word' id='word_1_231' title='bbox 1200 3417 1235 3475; x_wconf 86' lang='lat' dir='ltr'><strong>st</strong></span> <span class='ocrx_word' id='word_1_232' title='bbox 1254 3407 1312 3490; x_wconf 85' lang='lat'><strong>33)</strong></span> 
     </span>
     <span class='ocr_line' id='line_1_28' title="bbox 265 3525 1314 3614; baseline -0.007 -18"><span class='ocrx_word' id='word_1_233' title='bbox 265 3529 423 3596; x_wconf 84' lang='lat' dir='ltr'><strong>innititur.</strong></span> <span class='ocrx_word' id='word_1_234' title='bbox 465 3527 511 3596; x_wconf 92' lang='lat' dir='ltr'><strong>ibi</strong></span> <span class='ocrx_word' id='word_1_235' title='bbox 543 3529 630 3594; x_wconf 89' lang='lat' dir='ltr'><strong>enim</strong></span> <span class='ocrx_word' id='word_1_236' title='bbox 661 3536 828 3594; x_wconf 87' lang='lat' dir='ltr'><strong>enarrator</strong></span> <span class='ocrx_word' id='word_1_237' title='bbox 858 3525 1089 3592; x_wconf 79' lang='lat' dir='ltr'><strong>diuinationem</strong></span> <span class='ocrx_word' id='word_1_238' title='bbox 1117 3547 1227 3592; x_wconf 86' lang='lat' dir='ltr'><strong>eorum</strong></span> <span class='ocrx_word' id='word_1_239' title='bbox 1256 3526 1314 3614; x_wconf 92' lang='lat' dir='ltr'><strong>qui</strong></span> 
     </span>
     <span class='ocr_line' id='line_1_29' title="bbox 265 3641 1314 3730; baseline -0.003 -19"><span class='ocrx_word' id='word_1_240' title='bbox 265 3643 421 3712; x_wconf 80' lang='lat' dir='ltr'><strong>Milonem</strong></span> <span class='ocrx_word' id='word_1_241' title='bbox 443 3667 527 3712; x_wconf 87' lang='lat' dir='ltr'><strong>anno</strong></span> <span class='ocrx_word' id='word_1_242' title='bbox 542 3643 658 3720; x_wconf 73' lang='lat' dir='ltr'><em>702s52</em></span> <span class='ocrx_word' id='word_1_243' title='bbox 679 3643 720 3709; x_wconf 88' lang='lat' dir='ltr'><strong>‹ie</strong></span> <span class='ocrx_word' id='word_1_244' title='bbox 742 3643 864 3708; x_wconf 85' lang='lat' dir='ltr'><strong>ambitu</strong></span> <span class='ocrx_word' id='word_1_245' title='bbox 885 3641 1067 3709; x_wconf 85' lang='lat' dir='ltr'><strong>accusaturi</strong></span> <span class='ocrx_word' id='word_1_246' title='bbox 1088 3651 1196 3708; x_wconf 85' lang='lat' dir='ltr'><strong>essent</strong></span> <span class='ocrx_word' id='word_1_247' title='bbox 1217 3663 1314 3730; x_wconf 89' lang='lat' dir='ltr'><strong>quae-</strong></span> 
     </span>
     <span class='ocr_line' id='line_1_30' title="bbox 265 3757 1314 3850; baseline -0.001 -24"><span class='ocrx_word' id='word_1_248' title='bbox 265 3761 363 3826; x_wconf 83' lang='lat' dir='ltr'><strong>sitore</strong></span> <span class='ocrx_word' id='word_1_249' title='bbox 384 3762 425 3829; x_wconf 79' lang='lat' dir='ltr'><strong>A.</strong></span> <span class='ocrx_word' id='word_1_250' title='bbox 445 3761 613 3850; x_wconf 83' lang='lat' dir='ltr'><strong>Torquato</strong></span> <span class='ocrx_word' id='word_1_251' title='bbox 640 3761 759 3826; x_wconf 85' lang='lat' dir='ltr'><strong>factam</strong></span> <span class='ocrx_word' id='word_1_252' title='bbox 790 3781 862 3826; x_wconf 85' lang='lat' dir='ltr'><strong>esse</strong></span> <span class='ocrx_word' id='word_1_253' title='bbox 890 3770 924 3826; x_wconf 86' lang='lat' dir='ltr'><strong>et</strong></span> <span class='ocrx_word' id='word_1_254' title='bbox 943 3769 1113 3846; x_wconf 84' lang='lat' dir='ltr'><strong>praeterea</strong></span> <span class='ocrx_word' id='word_1_255' title='bbox 1134 3757 1198 3824; x_wconf 87' lang='lat' dir='ltr'><strong>alia</strong></span> <span class='ocrx_word' id='word_1_256' title='bbox 1218 3782 1314 3847; x_wconf 90' lang='lat' dir='ltr'><strong>quae·</strong></span> 
     </span>
     <span class='ocr_line' id='line_1_31' title="bbox 265 3875 1314 3963; baseline -0.004 -19"><span class='ocrx_word' id='word_1_257' title='bbox 265 3877 340 3944; x_wconf 86' lang='lat' dir='ltr'><strong>dam</strong></span> <span class='ocrx_word' id='word_1_258' title='bbox 374 3899 457 3963; x_wconf 85' lang='lat' dir='ltr'><strong>quae</strong></span> <span class='ocrx_word' id='word_1_259' title='bbox 488 3879 570 3942; x_wconf 87' lang='lat' dir='ltr'><strong>scire</strong></span> <span class='ocrx_word' id='word_1_260' title='bbox 603 3887 714 3942; x_wconf 83' lang='lat' dir='ltr'><strong>nostra</strong></span> <span class='ocrx_word' id='word_1_261' title='bbox 746 3897 811 3942; x_wconf 84' lang='lat' dir='ltr'><strong>non</strong></span> <span class='ocrx_word' id='word_1_262' title='bbox 843 3879 979 3942; x_wconf 84' lang='lat' dir='ltr'><strong>interest</strong></span> <span class='ocrx_word' id='word_1_263' title='bbox 1007 3875 1160 3944; x_wconf 79' lang='lat' dir='ltr'><strong>narrauit</strong></span> <span class='ocrx_word' id='word_1_264' title='bbox 1203 3876 1314 3962; x_wconf 80' lang='lat' dir='ltr'><strong>itaque</strong></span> 
     </span>
    </p>
   </div>
   <div class='ocr_carea' id='block_1_3' title="bbox 0 0 1506 4490">
    <p class='ocr_par' dir='ltr' id='par_1_3' title="bbox 0 0 1506 4490">
     <span class='ocr_line' id='line_1_32' title="bbox 0 0 1506 4490; baseline 0 0"><span class='ocrx_word' id='word_1_265' title='bbox 0 0 1506 4490; x_wconf 95' lang='lat' dir='ltr'><strong> </strong></span> 
     </span>
    </p>
   </div>
  </div>
 </body>
</html>
