2970 4484
380 325 457 378 VlllI
492 327 540 380 DE
557 325 718 380 camene
735 327 782 380 ΕΤ
799 325 1029 380 ostermarus
1114 317 1116 322 ¹
1180 331 1227 380 201

180 491 363 560 admisisse.
406 493 496 560 cuius
527 495 575 560 rei
605 492 830 561 excusationes
859 493 1029 582 conplures
1058 494 1147 579 (nam
1176 516 1229 562 ex-

181 609 350 677 coactione
361 612 472 700 utique
483 633 564 699 opus
578 611 641 696 est)
651 612 787 678 inueniri
797 621 941 699 possunt.
973 612 1229 700 primumautem

182 727 385 795 adsentimur
405 727 482 794 uiris
503 729 606 796 doctis
627 730 683 819 qui
705 729 883 818 spondeum
904 728 1033 796 tolerari
1055 751 1149 818 posse
1168 729 1229 796 sibi

183 856 415 934 persuaserunt
429 847 578 914 omnibus
593 869 631 914 eo
654 847 741 936 quod
756 847 900 934 spondeo
915 857 1145 935 conpensatum
1159 869 1229 914 esse

182 972 336 1051 putamus
365 962 507 1030 iambum
542 965 699 1052 primum,
736 986 832 1053 quem
864 973 977 1030 notum
1008 975 1058 1032 est
1088 965 1229 1031 omnium

180 1079 302 1168 pedum
316 1081 456 1148 maxime
476 1079 612 1148 licentiis
632 1081 806 1149 obnoxium
822 1103 901 1148 esee.
945 1081 1060 1150 deinde
1083 1081 1229 1150 Catullus

182 1197 271 1264 tertii
292 1221 421 1288 qnoque
441 1222 555 1266 uersus
576 1198 717 1266 iambum
740 1201 878 1287 primum
900 1199 1041 1287 spondeo
1056 1201 1228 1288 conpleuit

181 1335 325 1402 namque
355 1315 493 1383 nominis
524 1317 709 1384 Mamurrae
741 1319 899 1406 syllabam
929 1319 1065 1407 primam
1096 1318 1228 1406 longam

179 1430 281 1498 fnisse
301 1429 430 1498 Horatii
451 1443 633 1500 saturarum
655 1459 662 1500 ι
685 1435 706 1502 5
726 1433 766 1500 37
789 1445 822 1502 et
840 1433 999 1501 Martialis
1021 1435 1230 1524 epigramma·

179 1559 251 1614 tum
274 1570 337 1615 vau
358 1549 401 1614 59
424 1551 440 1614 1
465 1575 487 1615 x
507 1551 528 1616 4
551 1552 588 1615 ll
612 1551 666 1636 (cf.
689 1551 826 1640 Hauptii
841 1563 965 1641 quaest.
982 1551 1099 1620 Catull.
1118 1575 1150 1640 p.
1168 1553 1227 1617 18:

181 1665 412 1734 Lachmannus
433 1667 475 1734 ad
495 1667 626 1736 Lucret.
652 1692 683 1757 p.
706 1669 748 1734 36
775 1693 839 1736 non
865 1679 953 1735 recte
980 1669 1149 1752 iudicauit)
1175 1669 1229 1734 de

181 1794 389 1852 monstratur.
432 1807 496 1874 quo
518 1787 646 1853 nomine
661 1787 791 1875 proprio
811 1787 964 1872 adhibito,
987 1785 1133 1876 quamuis
1154 1785 1187 1851 id
1210 1810 1230 1852 a

180 1911 300 1967 natura
325 1923 383 1967 sua
410 1902 531 1990 optime
551 1913 779 1982 excusaretur,
810 1926 883 1970 cum
904 1903 1004 1972 nibilo
1026 1905 1132 1970 minus
1153 1903 1229 1970 iam·

180 2019 302 2084 borum
323 2019 493 2108 integritas
515 2043 577 2087 uno
599 2021 671 2087 loco
686 2021 805 2086 uiolata
820 2031 914 2104 esset,
937 2019 1084 2088 Catullus
1104 2021 1229 2088 facilius

181 2147 264 2225 puto
296 2136 397 2203 altero
431 2159 560 2226 quoque
590 2137 661 2204 loeo
694 2161 713 2204 a
744 2159 856 2204 seuera
886 2137 941 2205 illa
971 2139 1045 2226 lege
1077 2139 1229 2206 recedere

181 2253 318 2342 potuit:
341 2277 414 2319 oum
435 2255 625 2341 praesertim
645 2253 700 2320 lex
721 2277 818 2343 quam
847 2255 991 2322 uiolabat
1011 2255 1144 2322 metrica
1163 2279 1228 2323 non

181 2394 224 2436 ea
256 2380 340 2438 esset
376 2393 458 2458 quae
496 2372 657 2438 communi
692 2382 859 2460 poetarum
894 2373 1036 2438 omnium
1070 2395 1228 2440 consensu

181 2487 305 2554 sancita
327 2487 509 2572 haberetur,
532 2488 588 2555 sed
607 2511 703 2579 quarn
719 2489 802 2556 sicut
821 2490 889 2578 ipsc
910 2489 972 2556 sibi
987 2491 1159 2578 scripserat
1174 2489 1229 2555 ob·

180 2605 385 2689 seruandam,
407 2604 453 2672 ita
474 2605 543 2693 ipse
564 2628 711 2694 quoque,
733 2607 760 2672 si
782 2627 896 2672 caussa
916 2606 1112 2694 neglegendi
1134 2629 1229 2696 quae-

181 2723 257 2789 dam
278 2721 400 2804 aderat,
420 2723 595 2810 neglegere
616 2733 732 2811 posset
776 2724 896 2811 optimo
911 2733 1019 2790 autem
1041 2721 1109 2793 iure
1131 2733 1228 2813 poeta

181 2864 202 2906 a
223 2862 337 2906 norma
357 2863 469 2906 seuera
490 2841 551 2908 hoc
572 2841 643 2907 loco
664 2840 825 2908 declinare
845 2843 970 2929 potuit,
1002 2841 1131 2932 quando
1162 2842 1229 2929 qui-

181 2957 257 3024 dem
272 2980 384 3024 uersus
400 2957 444 3022 illi
459 2958 698 3025 enumeratione
719 2961 856 3046 quadam
876 2970 1054 3047 grauanter
1076 2971 1109 3026 et
1129 2959 1228 3025 nomi-

180 3077 278 3143 nibus
310 3074 448 3164 propriis
479 3073 644 3142 abundant
672 3087 705 3143 ct
732 3099 842 3144 eorum
871 3079 974 3144 oratic
1002 3077 1035 3143 in
1063 3075 1174 3164 primis
1194 3077 1228 3143 in

180 3216 279 3260 uersu
307 3193 464 3280 trigesimo
492 3215 589 3280 quam
618 3195 757 3260 maxime
785 3197 931 3283 exsurgit
961 3205 993 3261 et
1021 3193 1228 3260 concitatur:

181 3333 267 3402 quae
293 3333 344 3377 res
372 3321 438 3378 tres
466 3334 562 3400 qnam
591 3335 687 3401 saepe
712 3322 825 3401 poetas
848 3313 984 3379 Latinos
1012 3313 1173 3380 mouerint
1193 3323 1229 3378 ut

182 3429 331 3495 uersibus
354 3427 498 3496 licentias
518 3429 731 3496 concederent
751 3453 856 3518 nuper
875 3429 1037 3498 Lucienus
1051 3428 1228 3497 Muellerus

181 3547 238 3630 (de
261 3568 295 3610 re
315 3546 451 3613 metrica
472 3568 503 3634 p.
531 3546 587 3611 133
614 3543 647 3612 et
670 3545 896 3636 sequentibus)
923 3547 1081 3615 subtiliter
1109 3547 1226 3614 docuit.

181 3665 209 3730 si
239 3663 384 3751 spondeo
417 3685 513 3752 quem
548 3665 581 3730 in
615 3663 731 3752 pedem
762 3664 897 3752 primum
929 3668 1089 3754 recepturi
1119 3687 1227 3732 sumus

181 3803 247 3848 non
290 3779 483 3849 obstinatius
520 3781 731 3848 resistendum
767 3805 839 3848 esse
872 3783 1093 3850 demonstrare
1132 3783 1227 3849 nobis

181 3899 334 3988 contigit,
357 3899 435 3966 nibil
457 3898 616 3989 reliquum
638 3907 687 3966 est
706 3899 768 3966 nisi
788 3909 825 3968 ut
845 3899 1062 3968 coniecturam
1083 3907 1226 3968 nostram
