2970 4484
393 319 418 375 X
452 321 500 376 DE
517 321 698 378 venemo
715 323 762 376 ΕΤ
778 321 942 376 PABVLLO
1143 325 1193 376 au

445 515 463 555 o
483 491 566 557 mebi
581 492 688 557 nautii
705 493 798 558 beati.

295 611 395 672 wem
415 617 443 671 te
462 610 639 674 mcotumem
661 610 848 695 audiamque
870 607 1022 672 Hiberum

294 735 472 789 munaum
492 726 560 789 locu
578 724 669 806 facto
689 727 834 807 ummaeo,

293 851 328 903 ut
347 852 470 904 morast
490 853 571 917 mue,
592 840 813 926 adplieorosque
834 839 943 904 collam

295 953 466 1020 comodum
487 979 521 1021 oo
541 957 704 1044 oculosque
725 956 904 1022 causator.-

292 1083 476 1157 oquoutum
497 1083 540 1136 eat
559 1072 714 1138 bominum
736 1071 918 1153 beatiorum,
951 1115 954 1124 -

292 1189 369 1274 quid
388 1212 434 1252 mc
454 1188 567 1255 laetius
588 1201 633 1254 cot
652 1189 834 1255 beatusne?

139 1365 255 1420 contra
276 1353 414 1422 Fabullo
436 1354 582 1422 redeunti
605 1366 703 1444 poeta
724 1376 853 1422 carmen
867 1378 920 1420 xm
937 1354 1067 1419 obuiam
1081 1353 1188 1419 misit:

138 1493 203 1557 quo
228 1469 269 1536 ad
291 1471 476 1558 epistulam,
505 1496 570 1558 qua
599 1474 720 1538 amicus
742 1473 827 1537 ultro
849 1480 881 1536 et
902 1471 990 1558 prior
1014 1470 1188 1536 aduentum

138 1610 234 1653 suum
266 1589 479 1654 nuntiauisset
510 1597 542 1654 et
572 1587 745 1675 hospitium
772 1587 990 1676 poposcisset,
1023 1585 1188 1653 Catullum

136 1704 257 1770 festiue
290 1714 322 1769 et
351 1705 459 1770 iocose
490 1703 695 1791 respondisse
727 1703 922 1768 Franciscus
952 1703 1125 1769 Passouius
1156 1703 1189 1769 iu

137 1817 335 1888 Scabodiani
362 1821 486 1904 horrei,
520 1819 608 1909 quod
635 1820 801 1886 nominare
824 1818 944 1903 solent,
974 1831 1063 1885 tomo
1085 1844 1103 1885 u
1129 1819 1189 1884 180

135 1935 317 2003 rectissime
335 1936 505 2019 intellexit,
528 1937 617 2002 cuius
637 1937 830 2002 sententiam
844 1935 1031 2002 Ludouicus
1044 1935 1187 2002 Doeder-

133 2053 219 2119 linus
241 2051 275 2117 in
297 2052 469 2118 lectionum
488 2054 649 2119 uariarum
672 2054 784 2135 triade,
807 2074 904 2140 quam
915 2051 1080 2138 Erlangae
1102 2074 1187 2118 anno

137 2170 219 2236 1839
242 2169 355 2253 edidit,
383 2193 413 2256 p.
436 2169 456 2234 3
478 2169 689 2256 adprobouit,
721 2169 907 2255 inprobauit
938 2191 1052 2256 parum
1084 2171 1186 2235 oonsi-

12 2301 15 2314 '
135 2286 246 2352 derate
276 2285 455 2350 Immanuel
483 2283 670 2350 Huschkius
702 2286 920 2352 analectorum
952 2287 1182 2351 litterariorum

134 2427 164 2491 p.
186 2403 260 2469 311.
296 2414 405 2489 aperte
425 2400 553 2490 quidem
569 2399 714 2468 Catullus
729 2399 900 2468 Fabullum
916 2401 1062 2468 alicunde
1077 2401 1181 2468 redire

133 2542 198 2585 non
222 2519 393 2607 eloquitur,
415 2517 534 2584 nedum
548 2541 589 2583 cx
603 2518 763 2606 Hispania
780 2519 898 2582 reuerti
920 2517 1046 2584 :nihilo
1068 2517 1184 2601 minus,

134 2647 291 2722 quantum
312 2658 397 2701 nuno
418 2635 560 2701 iudicare
581 2657 761 2723 possumus,
783 2621 959 2700 Passouius
979 2645 1066 2700 recte
1088 2634 1183 2701 inter·

134 2761 280 2839 pretatur
303 2761 351 2815 est
370 2775 377 2816 :
398 2749 431 2816 in
453 2749 564 2838 primis
583 2772 698 2816 uersus
712 2753 846 2817 alterius
868 2741 1056 2818 formula'oi
1075 2753 1131 2816 ati
1149 2755 1186 2817 di

132 2868 244 2949 foueat
268 2890 327 2932 nos
355 2867 396 2931 de
422 2867 546 2932 itineris
569 2865 735 2933 cuiusdam
756 2867 1027 2934 rotundationibus
1049 2879 1081 2934 et
1104 2871 1181 2934 casi-

134 2983 194 3050 bus
222 2984 437 3071 periculisque
467 2983 639 3071 inprouisis
669 2985 815 3070 cogitare
840 2983 932 3071 qnasi
958 2983 1058 3051 iubet.
1101 2988 1179 3052 scite

132 3099 308 3166 Pannonius
320 3099 410 3166 addit
422 3099 585 3166 Catullum
600 3101 632 3165 in
645 3123 741 3166 uersu
755 3100 857 3187 primo
874 3110 905 3166 et
920 3101 1062 3166 secundo
1079 3103 1180 3168 uerba

132 3215 201 3302 ipsa
223 3217 340 3304 quibus
362 3215 517 3282 Fabullus
542 3215 576 3281 in
599 3217 736 3303 epistula
757 3215 811 3281 illa
832 3239 908 3281 usus
930 3228 1015 3285 esset
1036 3218 1181 3304 tetigisse

132 3333 232 3400 uideri
255 3357 262 3396 :
286 3356 481 3421 quamquam
503 3331 600 3398 fidem
619 3355 769 3398 uersuum
785 3331 923 3415 Fabulli,
946 3357 1026 3422 quos
1049 3357 1090 3400 ex
1112 3357 1180 3400 uer-

131 3449 180 3514 bis
203 3449 394 3516 Cetullianis
416 3449 592 3514 Passouius
613 3449 791 3534 deglubere
813 3449 992 3539 temptauit,
1013 3451 1128 3516 horum

330 3595 439 3658 cenabo
461 3593 542 3673 beno,
564 3594 611 3656 mi
630 3592 756 3669 Catulle,
777 3595 864 3678 apud
883 3606 909 3656 te

328 3710 450 3794 paucio,
471 3711 504 3773 εἰ
522 3707 599 3772 mitt
615 3711 652 3772 do'
669 3707 789 3791 faueat,
811 3709 916 3773 diebus

129 3867 295 3943 praestare
324 3858 409 3924 nolo.
453 3857 613 3924 Huscbkii
642 3859 813 3944 explicatio
844 3883 940 3947 quam
957 3860 1005 4023 pit
1025 3882 1180 3945 peruersa

939 3961 955 4022 l
