3002 4490
298 329 349 382 edd
584 327 663 380 11111
699 327 747 382 DE
764 327 922 382 unam
940 327 1070 382 xxxlm

297 515 437 582 possum.
479 493 573 560 sicuti
595 495 696 582 igitur
722 503 798 562 ante
820 493 985 562 Catullum
1007 493 1120 562 Liuius
1140 495 1357 562 Andronicus

299 610 384 696 (Lin.
406 611 479 677 hist
501 633 590 678 xxvu
613 611 652 677 37
673 611 760 678 Fest.
782 635 812 700 p.
834 611 911 697 333)
940 621 974 678 et
997 610 1034 677 P.
1057 609 1200 679 Licinius
1222 611 1357 698 Tegula

297 727 383 813 (Liu.
407 751 487 795 xxxi
516 729 569 812 12)
597 740 631 796 et
658 739 733 818 post
762 751 836 795 eum
863 727 1018 796 Horatius
1045 728 1191 817 (praeter
1218 751 1355 796 carmen

298 845 462 912 saeculare
484 846 525 912 cf.
548 867 646 912 carm.
667 869 711 912 nu
732 847 753 912 6
776 856 808 911 et
829 867 838 909 ι
859 845 915 928 21)
944 844 1098 912 mandatu
1129 845 1260 932 publico
1282 868 1356 912 ear·

297 961 386 1028 mina
400 971 647 1050 conposuerunt,
662 962 708 1028 ita
723 959 868 1028 Catullus
885 983 1016 1050 quoque
1030 960 1114 1026 fecit
1148 959 1206 1028 sed
1215 961 1351 1048 quando

297 1100 427 1146 cumen
444 1079 557 1145 fecerit
567 1089 665 1167 poeta
684 1101 814 1166 prorsus
829 1079 986 1145 incertum
1001 1088 1062 1161 est,
1080 1079 1108 1145 ai
1123 1083 1242 1146 annum
1258 1099 1351 1168 spee-

298 1205 413 1263 tamus
457 1216 562 1283 neque
585 1194 739 1262 adcurate
764 1217 960 1282 cognoscere
981 1195 1057 1262 licet
1078 1194 1197 1284 quibus
1216 1195 1350 1262 Dianae

298 1312 397 1378 meris
428 1309 461 1376 id
492 1311 645 1398 scriptum
675 1311 725 1378 sit.
782 1309 948 1378 Marcilius
981 1312 1030 1398 (in
1062 1312 1219 1380 satanam.
1251 1335 1283 1400 p.
1311 1311 1348 1394 8)

296 1430 424 1516 putauit
450 1450 580 1494 carmen
607 1427 762 1494 indictum
791 1450 862 1494 esse
886 1429 996 1517 pueris
1017 1428 1162 1516 patrimis
1183 1437 1217 1494 et
1236 1429 1348 1498 matri-

296 1547 375 1628 mis,
407 1567 480 1611 cum
508 1544 583 1612 libri
613 1541 766 1633 Sibyllini
794 1543 970 1612 adirentur.
1023 1545 1080 1612 sed
1106 1545 1186 1612 nihil
1208 1555 1257 1612 est
1279 1565 1346 1634 quo

296 1663 377 1732 baec
397 1663 558 1730 sententia
578 1661 745 1751 probetur.
789 1659 958 1728 Bentleius
977 1661 1020 1727 ad
1042 1661 1214 1729 Horatium
1234 1685 1267 1751 p.
1288 1683 1347 1728 xus

296 1779 402 1847 idibus
424 1779 612 1863 Sextilibus,
634 1801 718 1866 quse
739 1778 867 1846 Dianae
888 1799 998 1845 sacrae
1019 1789 1113 1844 erant
1134 1779 1191 1863 (cf.
1208 1777 1346 1846 Prelleri

296 1896 429 1985 mythol.
451 1895 547 1964 Rom.
566 1919 597 1984 p.
611 1895 682 1961 283.
704 1895 792 1980 284),
814 1894 847 1960 id
869 1905 1000 1962 cantum
1021 1917 1092 1962 esse
1112 1893 1260 1962 coniecit
1303 1895 1345 1962 de

296 2022 442 2100 tempore
456 2013 607 2078 carminis
628 2013 662 2078 iu
676 2011 861 2078 uniuersum
883 2013 1032 2080 adnotari
1051 2021 1162 2102 potest
1182 2011 1251 2079 ueri
1273 2033 1345 2078 esse

297 2127 447 2196 dissimile
468 2129 618 2213 Catullo,
650 2130 740 2217 prius
771 2151 869 2218 quam
895 2129 1014 2196 famam
1036 2129 1175 2218 aliquam
1197 2129 1345 2196 carmini·

296 2244 357 2312 bus
378 2245 444 2312 suis
465 2246 601 2335 adeptus
623 2255 724 2329 esset,
753 2269 870 2313 munus
897 2245 1048 2312 carminis
1070 2244 1262 2312 conficiendi
1289 2268 1345 2334 pu·

296 2363 379 2430 bliee
391 2362 576 2430 mandatum
594 2385 675 2430 esse.
712 2385 777 2451 qno
793 2371 987 2451 argumento
1002 2362 1130 2430 confisis
1150 2363 1243 2431 uobis
1264 2361 1344 2430 illud

297 2480 531 2568 posterioribus
553 2478 672 2547 Catulli
692 2479 786 2547 annis
808 2480 979 2568 adsignare
999 2479 1120 2548 licebit.

377 2595 471 2662 Haec
491 2597 561 2662 fere
582 2596 751 2664 babuimus
773 2619 856 2686 quae
877 2596 917 2663 de
935 2595 1003 2662 uita
1017 2593 1137 2663 Catulli
1158 2603 1190 2662 et
1210 2595 1252 2660 de
1273 2615 1346 2682 per·

295 2714 383 2779 sonis
407 2711 596 2778 Catullianis
618 2721 651 2780 et
672 2713 712 2779 de
733 2712 931 2800 temporibus
956 2712 1133 2778 carminum
1148 2709 1347 2780 Catulliano·

295 2850 367 2895 rum
388 2827 578 2895 diceremus.
