2954 4492
467 325 492 375 V
526 325 575 376 DE
591 325 771 379 sucumve
790 325 945 380 cervam
1181 331 1232 384 ldb

175 503 281 561 totam
303 502 450 560 narbam
478 490 519 556 de
540 490 659 558 Lesbia
680 488 937 579 disquisitionem
958 492 1234 583 dispersa'plscet

177 632 279 699 qaam
315 607 509 676 breuissime
548 607 716 695 conplecti.
769 606 909 676 Ouidius
935 608 1035 697 igitur
1065 611 1157 677 testis
1187 621 1236 676 est

176 727 321 794 Lesbiae
341 747 459 791 nomen
480 725 609 812 puellae
629 746 649 789 a
671 724 799 791 Catullo
822 735 948 793 amatae
966 726 1084 793 falsum
1105 729 1231 794 fuisse:

177 843 366 932 Appuleius
380 864 496 907 uerum
511 862 628 907 nomen
642 850 754 908 narrat
766 841 866 908 fnisse
881 841 1040 910 Clodiam.
1085 844 1233 912 Clodiam

177 959 446 1048 quadrantariam
469 957 584 1026 Cicero
611 981 670 1045 pro
692 956 803 1024 Caelio
824 969 936 1024 narrat
957 981 1032 1026 cum
1052 960 1098 1026 M.
1122 960 1232 1028 Caelio

180 1077 274 1143 Ruso
297 1097 367 1143 rem
384 1097 445 1164 per
458 1085 585 1162 tempus
604 1073 734 1163 aliquod
748 1075 899 1144 habuisse
920 1102 927 1142 :
949 1075 1102 1144 Lesbiam
1117 1076 1236 1146 Catulli

177 1193 300 1260 scimus
320 1193 423 1282 ipsam
445 1213 576 1281 quoque
597 1213 669 1258 cum
691 1191 803 1258 Caelio
819 1192 905 1259 Rufo
927 1194 1130 1260 moechatam
1151 1217 1232 1262 esse.

177 1307 330 1378 Clodiam
366 1307 629 1398 quadrantariam
673 1331 746 1375 cum
783 1309 901 1376 Publio
936 1311 1038 1377 fratre
1074 1312 1233 1378 incestum

175 1427 294 1494 facias
325 1425 440 1494 Cicero
473 1425 554 1492 locis
585 1425 753 1514 permultis
785 1438 1016 1493 commemorat
1046 1452 1054 1494 ε
1085 1426 1233 1495 Catullus

177 1542 258 1610 dicit
271 1567 291 1610 a
305 1541 425 1608 Lesbia
441 1540 596 1608 Lesbium
619 1543 681 1608 sibi
702 1543 866 1630 anteponi.
910 1545 936 1608 si
952 1542 1092 1610 Lesbiae
1114 1566 1232 1610 nomen

176 1681 294 1728 uerum
318 1669 367 1726 cst
389 1657 523 1743 Clodia,
552 1680 665 1724 uerum
693 1659 804 1728 Lesbii
825 1681 944 1725 nomen
974 1659 1106 1727 Clodius
1135 1660 1234 1726 suerit

175 1797 310 1844 necesse
331 1787 381 1842 est
401 1801 409 1842 ε
431 1773 565 1844 Clodius
593 1777 695 1862 igitur
726 1798 745 1841 a
774 1776 894 1843 Lesbia
915 1775 1044 1843 Catullo
1067 1777 1232 1864 anteponi-

175 1905 242 1961 tur.
297 1893 388 1960 uides
418 1915 439 1958 a
470 1892 598 1961 Catullo
635 1893 673 1959 P.
706 1891 857 1961 Clodium
896 1893 1015 1960 sororis
1054 1905 1232 1962 amatorem

174 2009 364 2098 significari.
407 2007 524 2078 Cicero
545 2011 578 2076 in
601 2008 756 2078 Caeliana
776 2009 877 2076 uitam
907 2010 1156 2098 quadrantariae
1184 2013 1232 2079 in·

174 2127 436 2216 quinatissimam
458 2137 492 2193 et
518 2149 624 2194 mores
646 2125 906 2214 corruptissimos
930 2126 1124 2216 descripsit:
1147 2151 1231 2216 quae

175 2243 205 2310 si
237 2253 458 2332 conparantur
488 2266 560 2310 cum
592 2243 638 2310 eis
672 2265 756 2333 quae
784 2241 932 2311 Catullus
955 2244 988 2309 in
1007 2243 1129 2311 Lesbia
1150 2246 1232 2311 uitu-

174 2363 326 2450 parauit,
350 2360 447 2449 plane
468 2359 582 2426 eadem
603 2371 778 2450 utrumque
799 2369 833 2426 et
854 2359 1043 2427 Ciceronem
1067 2371 1100 2428 et
1121 2360 1229 2428 Catul-

175 2480 247 2546 lum
274 2477 518 2565 reprehendisse
549 2499 644 2543 nemo
676 2474 874 2544 infitiabitur.
918 2477 1035 2544 scimus
1066 2477 1228 2562 Lesbiam,

174 2617 252 2660 enm
274 2592 438 2662 aCatullo
460 2603 634 2678 amaretur,
656 2595 721 2659 iam
742 2593 812 2660 uiro
834 2593 931 2660 alicui
951 2605 1085 2683 nuptam
1105 2593 1228 2662 fuisse:

176 2709 267 2801 quod
308 2732 373 2800 quo
414 2721 560 2799 tempore
595 2710 673 2794 luit,
715 2710 831 2778 Clodia
866 2711 962 2778 etiam
998 2711 1229 2801 quadrantaria

175 2827 248 2894 uiro
281 2829 346 2893 iam
376 2837 551 2916 nupserat,
593 2827 633 2908 Q.
664 2827 799 2894 Metello
837 2825 954 2895 Celeri.
1008 2839 1098 2895 aetas
1129 2830 1228 2896 etiam

177 2944 355 3012 amantium
370 2945 491 3033 optime
506 2945 679 3033 conspirat.
715 2944 853 3034 denique
868 2944 985 3013 Clodia
999 2945 1230 3033 quadrantaria

174 3061 278 3129 nobili
310 3083 430 3150 genere
462 3072 533 3129 orta
563 3061 636 3131 fuit.
691 3063 793 3131 nobili
824 3085 947 3151 genere
977 3063 1075 3130 etiam
1107 3062 1228 3132 Catulli

175 3179 330 3248 Lesbiam
359 3189 463 3246 ortam
485 3201 555 3246 esse
584 3179 714 3246 omnino
741 3179 821 3245 nibil
847 3180 1008 3269 estquod
1030 3181 1227 3265 dissuadeat,

173 3299 273 3365 immo
295 3296 329 3363 id
350 3318 391 3364 eo
413 3296 655 3364 commendatur
683 3297 770 3386 quod
798 3298 920 3380 Allius,
953 3297 1003 3362 uir
1030 3298 1098 3363 sina
1129 3299 1227 3367 dubio

172 3415 307 3499 nobilis,
332 3415 464 3481 demum
490 3436 581 3480 suam
607 3414 790 3481 amantibus
816 3415 967 3503 praebuit
991 3437 1056 3502 quo
1080 3417 1229 3482 conueni-

173 3544 245 3600 rent
267 3558 275 3598 =
298 3551 402 3620 quare
424 3529 517 3596 simul
541 3532 702 3597 sententia
724 3553 836 3597 eorum
869 3533 1031 3598 refutatur
1053 3533 1108 3621 qui
1128 3555 1230 3600 merc·

173 3649 323 3718 trieulam
345 3646 447 3715 fuisse
467 3645 622 3714 Lesbiam
643 3648 752 3738 inepte
775 3648 919 3715 eredunt.

602 3935 801 3950 ᾙ--ή
