2920 4492
260 330 276 378 8
454 351 457 356 -
680 318 891 375 Puoouulvu

261 491 383 558 tionem
406 488 479 554 libri
503 487 677 556 Catulliani
707 489 952 555 tundamentum
980 489 1058 554 setis
1088 486 1214 552 firmum
1240 508 1312 553 esse

263 630 328 697 quo
350 605 574 695 interpretatio
597 608 665 672 eius
687 605 840 672 constitui
860 605 963 693 possit
983 625 1095 670 secure
1115 615 1274 672 tenemus.

343 723 391 790 Vt
421 743 499 788 uero
527 722 658 790 tandem
684 721 725 790 cd
754 743 793 788 ee
820 743 904 810 quse
931 722 963 788 in
995 722 1057 788 hoc
1086 719 1311 809 quaestionum

262 849 447 907 nostrerum
468 838 720 907 Catullieuerum
745 839 826 906 libro
848 839 952 926 primo
974 836 1022 904 (le
1043 839 1132 904 uite
1155 835 1311 904 Catulli

261 957 353 1023 nobis
376 957 512 1024 dicende
534 968 609 1023 sunt
630 951 847 1040 transeamus,
875 977 913 1022 ee
932 957 978 1020 its
998 953 1218 1022 distribuenda
1239 977 1310 1022 esse

260 1074 443 1161 puteuimus
464 1074 550 1142 utin
573 1074 681 1162 capite
701 1073 815 1162 primo,
838 1072 927 1138 cuius
947 1073 1044 1139 telem
1060 1081 1231 1160 pertexere
1245 1071 1310 1140 ism

261 1193 445 1279 coepimus,
479 1191 526 1256 de
559 1189 804 1256 nominibus
826 1187 996 1256 Catulli
1025 1190 1059 1254 in
1088 1187 1233 1254 secundo
1262 1188 1310 1256 de

261 1307 387 1373 annis
410 1307 568 1396 quibus
590 1288 718 1372 uetus
739 1315 778 1372 et
800 1315 993 1371 mortuus
1016 1307 1074 1372 sit
1094 1304 1239 1372 intortio
1261 1305 1311 1371 de

261 1423 354 1490 eius
384 1445 427 1490 re
455 1421 671 1489 familiari
701 1422 735 1487 in
757 1431 872 1510 quarto
895 1430 928 1486 et
948 1423 1062 1508 quinto
1084 1421 1125 1488 de
1146 1419 1312 1488 Catulli

261 1549 302 1606 et
322 1539 511 1606 Lesbiae
531 1539 752 1606 umoribus
780 1539 813 1604 in
835 1549 927 1604 sexto
948 1538 997 1605 de
1017 1537 1123 1607 eliis
1145 1535 1312 1606 Cotulli

260 1657 480 1724 umoribus
508 1658 542 1721 in
570 1656 707 1744 septimo
737 1656 785 1723 de
816 1655 978 1720 itinero
1005 1654 1245 1743 Bithynico
1277 1655 1312 1721 in

261 1783 377 1840 octeuo
398 1771 632 1840 deOetulli
652 1774 795 1840 fratre
817 1773 998 1861 eiusque
1019 1782 1156 1838 morte
1175 1772 1312 1838 innono

261 1891 309 1956 de
330 1889 596 1956 carminibus
618 1911 726 1978 quse
746 1889 1027 1960 ineessrem
1048 1887 1312 1956 etCsessrio·

261 2028 337 2072 noe
368 2003 572 2072 Catullus
600 2007 838 2095 scripserit
867 2005 1076 2095 disputemus.
1131 2005 1245 2073 dunde
1278 2005 1311 2072 in

263 2122 369 2211 capite
383 2122 507 2188 decimo
530 2123 812 2190 deVercnnic
834 2122 1074 2190 etFebullo
1094 2123 1127 2190 in
1143 2121 1312 2190 undecimo

262 2238 312 2305 de
333 2239 378 2306 G.
402 2239 577 2306 Licinio
599 2237 734 2308 Caluo
756 2241 790 2306 in
812 2239 1000 2308 duodecimo
1023 2242 1070 2306 de
1092 2237 1135 2306 G.
1157 2239 1311 2307 Heluio

263 2355 398 2425 Cinna
419 2367 460 2424 et
481 2355 522 2436 Q.
544 2357 781 2424 Hortensio
803 2366 843 2424 et
864 2357 1054 2425 Tenusio
1076 2355 1256 2424 Gemino
1277 2356 1311 2423 in

262 2475 359 2540 tertio
382 2474 506 2540 decimo
528 2475 576 2540 de
598 2472 815 2556 Quintilio
836 2473 949 2541 Vero
973 2475 1020 2542 de
1042 2472 1241 2543 Caecilio
1263 2472 1312 2538 (le

262 2589 471 2660 Cornelio
492 2591 661 2680 Nepote
689 2591 738 2658 de
760 2591 1005 2660 Cornificio
1027 2591 1076 2658 de
1098 2589 1241 2658 Sestio
1264 2588 1312 2655 tle

260 2705 624 2774 VelerioGetone
645 2708 693 2776 de
715 2707 816 2774 nliis
838 2707 975 2774 doctis
996 2704 1311 2775 emicisOstnlli

261 2823 465 2890 disseremus.
508 2835 578 2892 tum
606 2825 639 2892 in
659 2827 769 2914 cupite
789 2835 906 2915 questo
929 2825 1054 2892 decimo
1076 2825 1185 2892 omnin
1205 2845 1312 2913 quse

258 2942 305 3008 de
333 2940 532 3028 personis
563 2939 834 3009 Oetullienis
865 2941 1053 3010 dicende
1081 2941 1313 3010 restabunt

259 3069 417 3146 congestu
437 3058 607 3141 inuenies,
630 3059 662 3124 in
683 3059 793 3147 primis
814 3059 862 3127 de
885 3057 1082 3126 Cominio
1112 3058 1161 3126 de
1182 3057 1310 3126 Arrio

258 3175 309 3241 sle
339 3174 501 3242 Manlio
538 3174 758 3263 Torquato
788 3184 828 3241 et
858 3173 987 3243 Viuin
1013 3175 1310 3243 Aurunculeio

262 3313 328 3358 non
350 3291 437 3358 nulls
458 3313 665 3380 exponemus.
707 3293 848 3380 denique
866 3293 900 3358 in
922 3295 1027 3382 cupite
1049 3293 1163 3383 quinto
1185 3293 1310 3360 decimo

258 3429 345 3496 quse
379 3409 413 3474 in
450 3409 610 3497 capitibus
644 3409 911 3499 praecedentibus
953 3410 1002 3477 de
1043 3410 1310 3500 temporibus

259 3524 494 3592 carminum
522 3526 709 3614 singillstim
738 3527 885 3616 exposite
906 3538 981 3595 sunt
1006 3527 1150 3597 breuiter
1177 3550 1310 3618 conpre-

259 3641 450 3710 hendentur.

343 3758 491 3826 Primum
520 3759 622 3846 igitur
647 3760 814 3828 uideamus
836 3783 920 3849 quse
940 3761 1071 3830 nomine
1094 3761 1222 3830 Catullo
1243 3762 1311 3828 fue·

265 3876 341 3946 rint.
384 3887 417 3944 et
436 3871 621 3946 ‘Catullum’
641 3877 769 3964 quidem
790 3889 887 3967 poete
905 3879 1021 3969 ipsein
1037 3879 1230 3948 carminibus
1244 3879 1311 3948 suis
