2950 4480
1076 351 1217 424 XVffl

198 544 291 612 iubet
312 549 466 632 exemplo
488 571 553 616 nou
575 551 670 620 nullo
690 553 772 620 setis
794 553 1103 639 insigniendum,
1132 579 1216 642 quse

197 667 272 748 ipos
286 687 416 750 quoquo
430 668 470 734 ud
489 669 574 736 inno
587 673 812 754 quaestionem
825 674 1004 758 pertinent:
1020 691 1093 734 mn
1104 676 1146 742 23
1157 695 1216 763 pro

196 786 375 870 οὼίᾳονω
385 787 421 851 in
430 788 569 854 Vfuitoi
580 792 729 875 deripm.
744 792 774 857 is
785 793 842 876 qui
854 793 981 859 littores
992 795 1040 860 sio
1049 793 1217 874 diserouit,

197 903 290 968 nouit
309 904 450 987 formsm
473 906 566 972 uerbi
587 910 752 992 deriponffi
773 911 1008 992 antiquiorem,
1037 933 1104 980 non
1130 916 1215 980 diri-

193 1023 296 1105 pondi,
319 1043 419 1105 quem
441 1025 691 1108 interpoletoess
705 1029 902 1113 posteriores
924 1029 986 1096 hoo
1000 1050 1130 1114 qnoque
1145 1031 1216 1098 loeo

197 1140 446 1210 substituerunt
484 1156 653 1228 prosterne
673 1147 713 1212 ei.
734 1163 804 1206 mn
825 1147 868 1214 18
888 1151 1051 1216 scotare
1071 1151 1128 1216 uel
1149 1171 1215 1218 ers·

197 1261 776 1345 etanproeoeuelamouaue
802 1269 1099 1336 otuvnnssilio
1126 1291 1217 1336 more

197 1397 261 1461 pro
278 1381 372 1446 illem
392 1405 501 1448 rores.
536 1399 598 1442 un
620 1382 664 1450 60
684 1405 744 1468 pro
766 1407 899 1469 aequom
919 1387 1084 1454 thuaneus
1104 1409 1218 1472 equom

196 1497 310 1576 hebet,
343 1521 457 1584 equo
483 1501 560 1568 libri
589 1503 620 1568 V
649 1525 727 1587 spuo
755 1505 815 1570 uix
842 1503 960 1570 differt
1014 1519 1067 1566 tm
1094 1507 1135 1571 15
1156 1528 1219 1590 pro

196 1639 258 1683 noe
290 1618 322 1684 V
355 1619 473 1686 hebuit
504 1643 548 1688 oo.
607 1637 692 1682 mm
720 1624 741 1689 4
773 1623 905 1689 Metam
936 1625 1075 1690 diritius
1105 1624 1218 1692 Meam

198 1739 339 1804 &dirtos
359 1740 395 1804 iu
418 1739 512 1804 libris
533 1749 584 1806 ost
604 1743 651 1806 M
673 1743 703 1806 d.
726 1744 773 1806 mi
794 1744 941 1808 dedisses.
978 1742 1036 1808 sed
1051 1750 1122 1809 erut
1135 1744 1217 1810 olim

197 1858 374 1924 manifesto
406 1856 537 1924 Mallon
569 1861 706 1926 diutim
737 1859 828 1927 Micio
862 1863 1009 1930 dedisses
1075 1861 1219 1946 donique

198 1993 250 2036 ιιι
269 1976 334 2043 206
347 1979 442 2044 etesi
456 1978 490 2042 iu
503 1979 612 2045 Viuit
626 1999 685 2064 pro
696 1981 819 2057 arieti,
834 1981 919 2064 quod
935 2001 1045 2048 errore
1059 1981 1218 2047 ieoillimo

196 2098 239 2180 (E
260 2119 320 2182 pro
342 2098 384 2180 lu
407 2119 467 2182 pro
489 2101 606 2184 asriooi
627 2099 706 2164 oiim
729 2101 890 2184 seriptum
912 2101 977 2166 fuit
987 2103 1038 2184 ⁴⁴).

298 2218 428 2284 Deinde
454 2219 562 2286 soiibs
590 2219 667 2286 libri
689 2221 882 2286 neronensis
904 2221 1051 2286 ourmius
1072 2222 1160 2286 inter
1182 2243 1217 2286 se

195 2339 231 2402 in
265 2338 442 2422 urotetypo
474 2347 547 2402 orte
582 2338 791 2404 wunemtiu
826 2338 1017 2404 interstitiis
1053 2347 1215 2421 quantum

196 2457 305 2542 potuit
326 2459 494 2540 separauit
515 2465 549 2521 et
569 2457 698 2533 titulos,
721 2465 760 2520 ut
781 2464 854 2522 eret
874 2465 990 2538 neptus
1012 2458 1097 2532 eius.
1120 2477 1214 2540 pree·

197 2576 314 2663 posuit.
349 2578 385 2642 in
408 2575 492 2642 iibro
508 2577 539 2642 V
554 2575 687 2642 eosdem
702 2575 806 2640 finisse
820 2595 902 2657 quos
916 2575 950 2638 iu
966 2574 1062 2640 libris
1076 2576 1215 2641 sinueris

197 2695 294 2764 hodie
316 2696 475 2762 hebemus
500 2695 622 2772 titulos,
644 2715 687 2760 ox
708 2693 887 2760 eorundem
909 2694 944 2758 iu
966 2694 1061 2760 libris
1078 2696 1217 2760 sinueris

196 2816 417 2884 similitudine
453 2835 491 2880 ao
527 2815 726 2897 oequolitute
762 2823 849 2880 oorto
886 2813 1119 2898 conligendum
1155 2825 1216 2879 est.

199 2945 368 3020 praetereo
394 2933 619 3002 ednotondum
646 2935 712 3000 ium
733 2934 829 2999 illum
852 2933 1018 3000 hominem
1042 2935 1098 3016 qui
1121 2935 1219 2998 flores

200 3055 377 3122 moralium
400 3055 631 3120 uuoteritstum
648 3053 799 3118 Veronae
817 3074 844 3118 u
861 3053 945 3118 1329
960 3054 1122 3136 oongessit
1136 3053 1172 3116 in
1186 3053 1218 3117 V

200 3172 1218 3257 eeudominseriptiouomAdVorumropperisse,quumtermini

200 3311 263 3354 ¹¹11
285 3293 366 3360 olim
388 3295 423 3359 in
439 3313 476 3358 eo
491 3292 711 3377 praepositam
729 3293 832 3356 titisse
847 3313 889 3356 ex
904 3291 1043 3356 ieotione
1058 3290 1219 3356 librorum

199 3417 417 3498 superstitum
438 3421 565 3480 eertum
586 3413 694 3496 (istst).
722 3409 780 3476 sed
803 3411 892 3476 histo
915 3410 1025 3476 titulis
1047 3419 1087 3475 ut
1110 3417 1219 3474 totus

200 3535 286 3600 iiber
312 3533 513 3600 entellisnus
539 3533 574 3597 in
602 3531 750 3598 terminu
777 3529 911 3614 singulo
931 3527 1110 3612 dispositus
1131 3535 1221 3594 esset

200 3803 286 3862 nun
299 3805 350 3858 lto
364 3805 479 3875 uestigat
495 3805 582 3874 meg.
600 3805 632 3856 ιι
650 3803 704 3858 ces
721 3801 780 3855 uu
798 3803 832 3854 se
850 3799 954 3855 exue
1055 3801 1090 3852 ιι
1107 3801 1138 3855 ιι
1156 3801 1222 3854 ue·

200 3891 355 3964 pxxvut
566 3885 1000 3957 fidnpndeotilpdss

983 3984 1018 4040 „t
