2970 4484
261 317 311 368 218
460 314 536 366 vml
569 313 617 367 DE
635 313 794 368 CAESARE
810 315 858 368 ΕΤ
874 315 1105 368 cnnssnlsms

257 481 321 546 ium
344 480 507 548 Oliuerius
529 490 617 548 reete
638 481 826 548 intellexit:
848 483 938 548 euius
960 483 1000 548 du
1021 483 1201 550 sententiae
1220 481 1307 548 ueri·

256 723 341 780 runt
383 723 416 778 et
437 713 575 801 primum
596 713 654 780 uix
676 715 953 804 operaepretium
975 727 1082 783 estut
1103 715 1305 806 quanaro-

255 829 306 895 lus
328 829 496 918 Kampfius
517 829 564 896 illi
588 829 724 898 Oliuen'i
745 833 925 900 sententiae
945 835 1094 921 opposuit
1114 833 1304 900 refutemus.

256 947 302 1014 nit
338 947 422 1012 enim
451 947 504 1012 hio
534 948 574 1012 ad
603 947 725 1014 Valerii
753 971 850 1038 quem
877 951 1047 1016 cilauimus
1080 951 1185 1016 looum
1210 972 1218 1013 :
1247 949 1305 1016 oss

256 1052 430 1128 madido-im
460 1065 630 1130 otmarum
661 1079 740 1132 recto
770 1068 806 1130 de
834 1068 943 1132 Μυσία
970 1067 1105 1152 Pompei
1129 1068 1250 1156 Moysi
1277 1078 1306 1132 et

255 1182 293 1244 de
321 1179 433 1246 Fuluio
462 1181 573 1246 Clodii
598 1187 686 1267 prins
715 1181 824 1248 deinde
848 1185 973 1248 Antonii
998 1206 1095 1248 onore
1122 1187 1303 1269 intorpreta-

255 1309 320 1362 tnm
350 1319 435 1379 esso,
476 1299 513 1362 de
540 1298 654 1384 quibas
681 1301 716 1364 ai
743 1303 918 1384 aequasset,
963 1301 1104 1366 Valeriam
1137 1300 1305 1366 usonem

255 1412 340 1477 laad
378 1411 467 1476 dabis
508 1413 620 1479 leonina
662 1427 748 1480 esset.
810 1424 844 1482 at
878 1437 971 1482 nemo
1014 1416 1131 1502 opinor
1172 1423 1305 1504 praeter

255 1527 439 1615 Komplium
469 1527 699 1596 distinctionem
721 1529 862 1617 requiret
882 1529 1123 1616 definitionem,
1145 1554 1218 1597 eum
1239 1531 1304 1596 Va·

254 1643 350 1712 lerius
394 1667 492 1733 quam
526 1643 667 1712 Muciam
707 1656 740 1712 el
779 1667 876 1734 quam
911 1646 1058 1714 Fuluiam
1100 1647 1299 1736 signifieatas

255 1761 394 1827 uoluerit
425 1761 578 1850 adpositis
610 1762 775 1828 uooabulis
805 1785 874 1828 oum
908 1787 931 1829 u
958 1777 1050 1850 pulso
1083 1777 1145 1830 tum
1178 1789 1199 1830 u
1231 1766 1303 1830 uiro

253 1879 391 1943 ioels'tnm
412 1878 491 1944 salis
518 1877 667 1944 distinete
695 1877 896 1945 indicauerit.
949 1901 1032 1968 quae
1060 1880 1145 1945 enim
1173 1879 1302 1946 Muciae

255 2003 287 2060 el
317 1993 452 2060 Fuluiae
483 1993 603 2060 maiore
634 1995 703 2060 iure
731 1996 794 2061 diei
826 2006 1001 2083 potuerunt
1035 2006 1068 2062 et
1101 2021 1122 2062 a
1156 1998 1302 2084 patribus

254 2119 287 2175 el
317 2109 456 2176 maxime
487 2135 507 2176 a
536 2110 612 2176 uisis
643 2111 793 2178 inlustres
823 2113 921 2178 luisse
951 2137 1047 2201 quam
1077 2114 1186 2180 Mucia
1216 2137 1300 2203 quse

254 2225 294 2306 Q.
338 2225 447 2293 Mueio
490 2225 649 2295 Scaeuola
690 2229 768 2296 iuris
803 2231 950 2297 consulto
988 2231 1164 2297 clarissimo
1206 2241 1299 2320 patre

253 2365 311 2409 usa
331 2343 466 2432 Pompei
494 2367 576 2410 uxor
597 2345 639 2410 ab
661 2367 746 2410 anno
768 2345 835 2412 fere
855 2347 973 2424 674l80
993 2368 1098 2434 usque
1119 2347 1160 2414 ad
1182 2369 1300 2414 annum

252 2459 369 2537 692l62
396 2459 458 2526 fuit
489 2469 522 2526 et
553 2459 668 2526 Fuluia
696 2484 794 2550 quae,
826 2463 924 2528 etiam
958 2462 984 2530 si
1011 2485 1116 2551 psuoa
1143 2486 1230 2553 quae
1261 2464 1301 2529 de

253 2575 322 2641 eius
363 2586 455 2662 patre
498 2576 543 2642 M.
571 2577 699 2644 ¹Fuluio
743 2579 954 2646 Bambalione
995 2580 1113 2646 seimus
1147 2583 1182 2667 (a
1217 2581 1301 2646 Dru·

253 2713 370 2758 manno
400 2691 474 2758 hist.
501 2692 595 2759 Rom.
623 2716 640 2758 ιι
666 2693 726 2758 371
757 2695 915 2778 conlecta)
945 2696 1087 2762 cumeis
1115 2719 1201 2784 quae
1231 2697 1300 2762 loeo

254 2808 375 2874 Valerii
390 2807 527 2874 Maximi
548 2809 770 2897 significantur
792 2833 907 2899 parum
927 2833 1108 2900 congruere
1121 2814 1301 2895 uideantur,

252 2938 359 2993 tumen
395 2925 546 3014 coniugio
583 2927 670 3014 quod
705 2949 789 2993 anno
806 2907 810 2915 ’
826 2927 941 3004 708146
973 2951 1045 2995 eum
1077 2927 1123 2993 Μ.
1156 2927 1300 2996 Antonio

251 3043 418 3110 triumuiro
460 3041 538 3108 iecit
573 3043 692 3110 lamam
724 3044 900 3110 maximam
937 3045 1056 3133 adepta
1090 3044 1169 3110 esl‘l
1219 3045 1301 3110 hane

252 3173 424 3249 utramque
444 3160 610 3227 mulierem
633 3184 652 3224 a
669 3159 799 3226 Valerio
822 3159 1023 3247 designatam
1044 3181 1115 3228 esse
1136 3183 1175 3228 eo
1196 3161 1300 3226 minus

252 3279 366 3364 negari
393 3287 500 3366 potest
528 3299 593 3366 quo
623 3276 736 3344 melius
764 3289 891 3365 tempus
919 3279 1062 3345 conuiuii
1082 3277 1182 3358 illius,
1214 3277 1301 3366 quod

251 3417 382 3464 neeesse
414 3407 462 3462 ssl
504 3395 588 3461 inter
629 3395 706 3462 anni
742 3395 859 3473 702152
893 3395 1048 3462 kalendas
1086 3393 1229 3462 Sextiles
1268 3405 1301 3462 et

252 3513 327 3579 anni
354 3513 519 3600 sequentis
547 3513 715 3580 Ianuarias
745 3512 891 3578 habitum
923 3513 981 3596 sit,
1014 3535 1086 3578 eum
1112 3512 1242 3578 Muciae
1270 3523 1303 3578 et

250 3629 387 3696 Fuluiae
425 3628 560 3716 Pompei
591 3639 624 3694 et
654 3630 789 3694 Antonii
831 3651 968 3696 uxorum
1000 3637 1107 3695 aetate
1139 3627 1300 3694 conuenit.

252 3769 358 3835 neque
379 3746 464 3812 enim
488 3743 654 3813 Guilielmi
673 3746 824 3812 Teuffelii
845 3746 1014 3828 sententia,
1036 3767 1134 3831 qnam
1153 3744 1187 3810 in
1208 3767 1301 3832 ency-

252 3863 437 3953 elopaediae
452 3862 627 3931 Paulianae
647 3886 669 3928 v
694 3863 752 3928 188
775 3861 868 3945 dixit,
889 3863 1058 3949 probanda
1079 3872 1130 3928 est
1153 3861 1301 3930 arbitrali
