3002 4490
266 289 316 342 288
465 287 517 338 xli
550 287 598 338 DE
615 287 721 342 ΟῘΝΝΔ
739 287 939 342 ΗΟΒΤΕΝΒῙΟ
956 287 1110 342 nnuvslo

266 453 391 520 definiri
412 475 478 518 non
497 462 603 540 potest
622 474 685 542 quo
700 464 845 542 tempore
860 454 1006 522 Catullus
1020 475 1150 530 cermen
1167 473 1309 520 nxxxxv

263 573 437 659 scripserit
479 569 657 637 Merkelius
679 571 735 656 (ud
750 571 822 638 Ibin
839 593 870 660 p.
885 571 962 658 366)
983 571 1100 658 quibus
1122 570 1309 638 unctoribus

265 699 297 755 et
325 688 442 774 quibus
474 689 672 774 argumentis
704 687 845 776 conlegit
873 689 1046 777 Zmyrnam
1079 699 1156 755 unte
1188 711 1308 756 sunum

263 804 382 882 700154
411 802 531 870 editum
559 827 628 870 esse
655 807 780 892 ignoro.
822 815 947 890 tamen,
977 805 1003 870 si
1027 815 1160 893 propter
1180 805 1308 871 Volusii
1421 829 1430 846 ·

261 923 529 1010 uituperationem
552 919 695 987 similiter
717 923 750 987 in
778 923 919 988 carmine
939 945 1040 988 xxxvi
1062 931 1095 988 et
1115 923 1149 987 in
1169 941 1308 988 uxum

261 1039 380 1106 fectum
407 1037 487 1104 haec
516 1039 656 1103 carmine
688 1037 752 1102 duc
780 1038 894 1104 ecdem
922 1039 990 1105 fere
1016 1049 1162 1126 tempore
1188 1038 1308 1127 scriptu

262 1177 332 1222 esse
361 1153 526 1242 conligere
554 1155 681 1240 placet,
713 1176 797 1224 nnnc
827 1155 896 1220 fere
920 1154 1038 1232 eeufee
1059 1176 1188 1220 carmen
1209 1177 1308 1222 ncne-

260 1272 418 1359 gesimum
452 1269 599 1357 quintum
630 1271 738 1336 nescio
770 1293 811 1336 sn
839 1270 971 1336 attribui
999 1272 1101 1359 possit
1127 1271 1182 1356 (ef.
1209 1293 1305 1366 supra

260 1411 293 1474 p.
315 1387 384 1454 122.
409 1387 493 1470 134).
541 1408 624 1473 quse
652 1386 812 1453 sententis
839 1388 899 1453 etsi
931 1397 1052 1474 quuntc
1082 1409 1180 1474 opere
1208 1389 1305 1455 dubie

261 1505 302 1571 sit
336 1525 400 1572 nen
436 1504 638 1591 ignoremus,
670 1513 779 1570 temen
813 1503 859 1570 eis
890 1525 974 1591 quse
1001 1502 1228 1570 Lachmannue
1263 1504 1304 1570 ud

259 1621 446 1688 Lucretium
477 1645 508 1709 p.
538 1620 598 1686 174
628 1618 797 1687 ednoteuit
823 1619 955 1688 refutari
984 1642 1049 1687 non
1082 1630 1199 1708 potest.
1248 1623 1305 1711 qni

259 1761 331 1804 cunr
359 1737 442 1804 dixit
464 1737 617 1804 Heluium
640 1735 778 1804 Cinnam
803 1739 835 1804 in
856 1737 999 1825 Zmyrna
1019 1759 1083 1804 uon
1105 1738 1207 1804 multo
1228 1747 1304 1826 pust

258 1853 401 1920 Lucretii
422 1853 546 1920 obitum
568 1853 715 1938 (699155)
742 1853 895 1939 genetiuo
917 1853 996 1920 tabu
1016 1875 1109 1920 usum
1130 1874 1202 1922 esse
1221 1853 1304 1922 erbi-

257 1981 378 2054 trntus,
401 1980 438 2036 ut
457 1969 602 2053 uidetur,
633 1967 771 2036 Ginnsm
793 1971 826 2037 in
846 1969 989 2058 Zmyms
1010 1969 1206 2039 elaboranda
1227 1972 1302 2038 inde

257 2089 299 2154 ub
321 2108 404 2152 enno
426 2085 544 2164 uestes
557 2107 659 2174 usque
677 2087 716 2153 ud
736 2109 854 2154 annum
870 2087 987 2166 708s4e
999 2097 1190 2175 occupatum
1203 2089 1302 2156 fuisse

257 2203 442 2272 definitione
463 2225 523 2269 suu
549 2205 664 2271 aetatis
687 2201 807 2271 Catulli
838 2227 914 2272 usus
941 2215 1009 2290 cst,
1042 2229 1138 2294 quem
1169 2228 1300 2294 prorsus

255 2321 447 2389 reiciendum
469 2343 539 2388 esse
560 2343 658 2410 supru
680 2323 727 2411 (p.
749 2322 805 2407 47)
828 2323 1125 2410 demonstrauimus.
1170 2323 1226 2388 sed
1239 2311 1301 2390 vsuc

254 2439 341 2506 illem
362 2439 477 2507 centis
499 2438 618 2507 Catulli
640 2438 859 2507 definitionem
877 2449 966 2506 reete
987 2441 1169 2524 rehabere,
1191 2450 1300 2508 tumen

254 2555 352 2622 nihilo
373 2558 479 2625 minus
499 2556 554 2622 illu
574 2556 736 2645 Zmyrnae
757 2557 907 2624 editionis
934 2557 1077 2624 definitio
1097 2556 1299 2625 Lachmanni

253 2674 411 2740 arbitratu
425 2674 565 2761 quodum
579 2675 683 2762 megin
698 2697 794 2763 quum
810 2675 1003 2740 necessitate
1017 2675 1104 2740 facts
1124 2674 1299 2740 uideretur.

253 2788 330 2878 qnid
352 2791 437 2855 enim
458 2801 599 2857 statuere
628 2793 717 2879 cogit
743 2801 818 2880 post
842 2789 987 2858 Lucretii
1014 2791 1142 2858 demum
1161 2800 1299 2858 mortem

252 2905 425 2994 Zmyrnam
448 2908 481 2972 in
501 2905 605 2973 lucem
626 2907 769 2974 emisisse
791 2906 957 2976 cinnum?
