2920 4492
418 355 441 406 V
476 353 721 408 numerisve
737 351 892 408 uarum
1144 355 1176 408 tt

138 543 240 608 neque
258 533 371 588 umen
393 521 435 588 de
457 521 526 588 aliis
548 521 753 602 carminibus,
774 518 814 584 de
837 519 954 607 quibus
973 519 1067 586 huius
1090 517 1175 586 modi

137 641 315 706 testimonia
337 661 404 704 non
424 639 588 722 habemus,
610 637 715 704 minus
734 647 858 704 eertum
881 644 938 717 est,
970 637 1010 705 ef.
1033 637 1176 704 earmina

135 778 185 820 rur
206 779 314 822 xixus
339 779 443 822 xxxvl
471 777 583 822 xxxvu
610 776 724 822 xxxxu
751 769 863 820 uxrio·
885 761 999 823 uxvr'ub
1023 773 1093 820 Lxx
1120 753 1174 834 (ef.

138 878 236 958 turi)
259 893 385 940 Lxxvru
409 873 427 938 i
451 893 552 939 Lxxvr
575 892 703 938 Lxxxxr
725 889 787 938 curu
810 889 905 938 ovuu.
954 917 957 924 -

212 989 297 1058 Cum
320 991 426 1056 oratio
447 989 489 1056 ad
510 1011 626 1056 nomeu
647 988 786 1058 Lesbiae
807 986 989 1068 domuerit,
1020 987 1083 1052 hoo
1103 985 1173 1052 loeo

134 1127 233 1192 pauca
261 1107 385 1174 addere
413 1107 527 1194 plaeet.
572 1105 754 1194 quaerimus
781 1105 865 1170 enim
894 1127 952 1172 eur
982 1106 1016 1172 in
1037 1104 1174 1176 Lesbiae

135 1223 334 1308 potissimum
356 1245 474 1292 nomeu
497 1223 615 1290 falsum
641 1221 786 1288 Catullus
801 1221 936 1288 Clodiae
957 1245 1073 1288 numen
1094 1222 1175 1286 eelo-

134 1349 220 1404 turus
234 1339 394 1407 inciderit
432 1363 544 1406 uerum
559 1340 636 1404 'olim
649 1340 780 1408 Isaeum
797 1339 931 1404 Vossius
947 1338 1096 1426 dispexit,
1120 1339 1175 1425 qui

133 1457 393 1524 obseruationum
425 1481 457 1545 p.
491 1458 550 1522 189
580 1457 661 1522 haee
696 1456 838 1545 scripsit,
875 1455 1012 1522 Gauillae
1047 1470 1174 1543 queratur

134 1571 282 1661 dopplrur
300 1575 406 1662 fuerat
436 1587 554 1640 emmor
585 1575 637 1640 uel
667 1575 783 1640 exinde
814 1575 969 1658 ooula'pere
995 1575 1063 1642 licet
1093 1574 1175 1660 quud

131 1693 260 1758 Latius
279 1695 392 1780 quoae
412 1693 477 1758 atto
486 1693 591 1778 potius
613 1693 734 1758 nomiae
746 1715 837 1758 suam
857 1693 1013 1758 oramrerui
1031 1691 1173 1760 ammam.

130 1809 270 1895 profecto
305 1810 444 1875 Lesbiae
475 1831 593 1876 nomen
629 1809 847 1877 Catullianum
880 1806 1030 1896 Sapphus
1065 1808 1173 1876 statim

129 1925 361 2012 adpellstiunes
390 1927 422 1990 in
452 1925 640 1993 memoriam
666 1937 816 2008 rsuooot,
848 1928 961 2014 quales
989 1937 1065 1992 sunt
1086 1925 1174 2014 apud

130 2041 283 2110 Ouidium
306 2057 391 2108 uetes
418 2043 536 2109 Lesbia
563 2043 716 2128 (tristium
739 2065 767 2108 ur
792 2043 808 2106 l
832 2044 888 2126 20)
917 2046 1039 2109 Aeoliae
1060 2045 1172 2110 Lesbis

129 2167 226 2226 uruca
245 2165 335 2246 lyrae
365 2161 527 2244 (amorum
550 2184 566 2224 u
591 2162 629 2226 18
649 2161 714 2244 26).
757 2162 798 2226 el.
820 2160 859 2226 de
881 2160 1001 2226 Alcaeo
1024 2161 1173 2226 Lesbium

126 2281 269 2361 plerum
291 2291 325 2344 et
346 2279 477 2344 Lesbius
496 2283 569 2344 auu
590 2278 675 2365 apud
696 2278 866 2344 Horatium
888 2278 1080 2361 (carminum
1101 2302 1108 2342 r
1132 2279 1173 2344 26

131 2396 174 2458 ll.
200 2397 242 2460 32
263 2397 313 2480 ὁ).
356 2396 437 2462 haee
467 2397 627 2462 sententis
659 2419 696 2460 eo
730 2397 812 2462 bene
843 2395 1052 2462 oonfirmatur
1085 2395 1173 2484 quod

129 2511 279 2600 Sapphus
309 2514 452 2578 earmina
480 2524 611 2600 poetam
633 2514 854 2580 Veronensem
875 2512 1005 2600 plurimi
1028 2514 1173 2580 aestimo·

129 2629 209 2695 uisse
236 2653 374 2696 caumas
402 2630 523 2697 multas
545 2631 691 2717 probant.
736 2631 836 2697 ueluti
858 2653 987 2712 emman
1008 2630 1171 2717 quoddam

128 2749 318 2814 amatorium
340 2749 482 2836 poetriae
504 2748 644 2816 Lesbius
671 2749 811 2815 carmine
834 2768 865 2813 m
889 2747 1037 2816 Catullus
1056 2749 1092 2813 in
1111 2749 1173 2814 La·

127 2865 227 2932 tinum
262 2865 424 2950 opnuertit
445 2876 478 2930 et
511 2867 652 2932 emmine
682 2885 748 2932 uxu
770 2887 898 2932 esrmen
921 2865 1006 2937 illius
1029 2867 1172 2954 nuptiale

126 2983 269 3050 imitatus
292 2993 350 3048 est
373 2983 443 3066 (ot,
476 2992 513 3048 ut
533 2983 612 3048 alios
634 2981 789 3066 omittam,
813 2983 1021 3049 Leutsehium
1041 2986 1074 3049 in
1095 3007 1172 3049 nun-

128 3101 177 3167 tiis
206 3099 345 3166 eruditis
371 3099 642 3187 Gottingeusibus
670 3102 746 3166 enni
771 3100 853 3166 1855
878 3126 909 3189 p.
938 3102 1051 3185 1992),
1084 3104 1171 3168 deni·

127 3241 187 3304 que
210 3217 347 3286 Caecilii
363 3217 616 3283 Nouocomensis
637 3217 775 3304 puellam
795 3217 974 3283 litterarum
995 3218 1170 3285 studiosam

127 3347 160 3400 ut
169 3335 348 3422 insigniter
356 3333 505 3399 laudaret
514 3327 686 3421 ‘Sapphica
696 3355 787 3400 muse
798 3329 984 3400 doctiorem’
995 3336 1101 3420 (xxxv
1116 3337 1169 3422 16)

126 3451 309 3541 adpellauit.
341 3449 398 3516 sed
414 3473 490 3516 num
506 3473 570 3539 qus
583 3452 708 3517 ratione
722 3451 869 3518 Catullus
884 3453 1013 3518 nomine
1026 3454 1171 3540 poetriae

125 3567 321 3635 clarissimae
342 3567 501 3634 honorare
522 3569 681 3656 potuisset
702 3569 836 3635 amicam
859 3593 958 3654 suem,
981 3573 1007 3636 si
1029 3593 1067 3636 es
1088 3571 1170 3637 litte-

125 3707 233 3754 rarum
250 3698 283 3752 et
298 3686 376 3752 ortis
392 3675 541 3752 uersuum
557 3687 802 3774 peragendorum
816 3689 911 3775 plene
926 3689 1014 3756 rudis
1026 3687 1170 3756 fuisset?

124 3804 227 3870 sudio.
272 3802 367 3889 atqui
388 3800 534 3868 Clodium
555 3823 621 3867 neu
641 3804 737 3870 modo
758 3802 873 3872 litteris
891 3828 1022 3893 operam
1044 3807 1171 3872 dedisse

124 3921 177 3988 sed
193 3921 294 3989 etiam
309 3918 343 3984 in
358 3918 470 4006 prioris
486 3918 632 3984 uersibus
646 3921 801 3988 faciendis
818 3945 948 3988 uacasse
964 3923 1085 4011 optimo
1100 3923 1169 3987 iure
