<?xml version="1.0" encoding="UTF-8"?>
<!DOCTYPE html PUBLIC "-//W3C//DTD XHTML 1.0 Transitional//EN"
    "http://www.w3.org/TR/xhtml1/DTD/xhtml1-transitional.dtd">
<html xmlns="http://www.w3.org/1999/xhtml" xml:lang="en" lang="en">
 <head>
  <title>
</title>
<meta http-equiv="Content-Type" content="text/html;charset=utf-8" />
  <meta name='ocr-system' content='tesseract 3.04.00' />
  <meta name='ocr-capabilities' content='ocr_page ocr_carea ocr_par ocr_line ocrx_word'/>
</head>
<body>
  <div class='ocr_page' id='page_1' title='image "./gvalericatvllil00schwgoog_0036.png"; bbox 0 0 2920 4492; ppageno 0'>
   <div class='ocr_carea' id='block_1_1' title="bbox 385 357 1183 415">
    <p class='ocr_par' dir='ltr' id='par_1_1' title="bbox 385 357 1183 415">
     <span class='ocr_line' id='line_1_1' title="bbox 385 357 1183 415; baseline 0.006 -6"><span class='ocrx_word' id='word_1_1' title='bbox 385 357 399 408; x_wconf 91' lang='lat'><em>1</em></span> <span class='ocrx_word' id='word_1_2' title='bbox 432 357 484 410; x_wconf 74' lang='lat' dir='ltr'><strong>Du</strong></span> <span class='ocrx_word' id='word_1_3' title='bbox 501 357 694 415; x_wconf 71' lang='lat' dir='ltr'>HOMINIBVS</span> <span class='ocrx_word' id='word_1_4' title='bbox 711 358 864 413; x_wconf 75' lang='lat' dir='ltr'><strong>cervum</strong></span> <span class='ocrx_word' id='word_1_5' title='bbox 1149 363 1183 414; x_wconf 72' lang='lat'><strong>²8</strong></span> 
     </span>
    </p>
   </div>
   <div class='ocr_carea' id='block_1_2' title="bbox 129 523 1185 4010">
    <p class='ocr_par' dir='ltr' id='par_1_2' title="bbox 129 523 1185 4010">
     <span class='ocr_line' id='line_1_2' title="bbox 134 523 1183 613; baseline 0.002 -21"><span class='ocrx_word' id='word_1_6' title='bbox 134 525 290 592; x_wconf 78' lang='lat' dir='ltr'><strong>melinare</strong></span> <span class='ocrx_word' id='word_1_7' title='bbox 302 533 451 612; x_wconf 88' lang='lat' dir='ltr'><strong>potuere,</strong></span> <span class='ocrx_word' id='word_1_8' title='bbox 465 525 552 613; x_wconf 91' lang='lat' dir='ltr'><strong>qnod</strong></span> <span class='ocrx_word' id='word_1_9' title='bbox 566 525 659 592; x_wconf 88' lang='lat' dir='ltr'><strong>illum</strong></span> <span class='ocrx_word' id='word_1_10' title='bbox 669 523 820 594; x_wconf 79' lang='lat' dir='ltr'><strong>Catulum</strong></span> <span class='ocrx_word' id='word_1_11' title='bbox 832 535 970 612; x_wconf 85' lang='lat' dir='ltr'><strong>poetam,</strong></span> <span class='ocrx_word' id='word_1_12' title='bbox 985 525 1075 596; x_wconf 84' lang='lat' dir='ltr'><strong>cuius</strong></span> <span class='ocrx_word' id='word_1_13' title='bbox 1086 525 1183 594; x_wconf 89' lang='lat' dir='ltr'><strong>modo</strong></span> 
     </span>
     <span class='ocr_line' id='line_1_3' title="bbox 135 641 1184 730; baseline 0.002 -22"><span class='ocrx_word' id='word_1_14' title='bbox 135 643 329 708; x_wconf 76' lang='lat' dir='ltr'><strong>mentionem</strong></span> <span class='ocrx_word' id='word_1_15' title='bbox 357 641 571 726; x_wconf 73' lang='lat' dir='ltr'><strong>faciebamus,</strong></span> <span class='ocrx_word' id='word_1_16' title='bbox 603 644 635 708; x_wconf 91' lang='lat' dir='ltr'><strong>in</strong></span> <span class='ocrx_word' id='word_1_17' title='bbox 661 642 766 730; x_wconf 87' lang='lat' dir='ltr'><strong>capite</strong></span> <span class='ocrx_word' id='word_1_18' title='bbox 794 643 943 730; x_wconf 84' lang='lat' dir='ltr'><strong>proxime</strong></span> <span class='ocrx_word' id='word_1_19' title='bbox 972 641 1184 710; x_wconf 75' lang='lat' dir='ltr'><strong>antecedente</strong></span> 
     </span>
     <span class='ocr_line' id='line_1_4' title="bbox 136 759 1183 848; baseline 0.003 -24"><span class='ocrx_word' id='word_1_20' title='bbox 136 759 237 847; x_wconf 85' lang='lat' dir='ltr'><strong>ipsum</strong></span> <span class='ocrx_word' id='word_1_21' title='bbox 260 781 393 848; x_wconf 87' lang='lat' dir='ltr'><strong>quoque</strong></span> <span class='ocrx_word' id='word_1_22' title='bbox 413 771 723 826; x_wconf 87' lang='lat' dir='ltr'><strong>commemorauerat</strong></span> <span class='ocrx_word' id='word_1_23' title='bbox 747 759 920 847; x_wconf 84' lang='lat' dir='ltr'><strong>Apuleius.</strong></span> <span class='ocrx_word' id='word_1_24' title='bbox 964 759 1074 847; x_wconf 85' lang='lat' dir='ltr'><strong>quid‘l</strong></span> <span class='ocrx_word' id='word_1_25' title='bbox 1097 760 1183 848; x_wconf 88' lang='lat' dir='ltr'><strong>quod</strong></span> 
     </span>
     <span class='ocr_line' id='line_1_5' title="bbox 135 875 1182 966; baseline 0.002 -24"><span class='ocrx_word' id='word_1_26' title='bbox 135 885 263 964; x_wconf 85' lang='lat' dir='ltr'><strong>propter</strong></span> <span class='ocrx_word' id='word_1_27' title='bbox 277 877 362 942; x_wconf 89' lang='lat' dir='ltr'><strong>hanc</strong></span> <span class='ocrx_word' id='word_1_28' title='bbox 377 878 480 964; x_wconf 89' lang='lat' dir='ltr'><strong>ipsam</strong></span> <span class='ocrx_word' id='word_1_29' title='bbox 496 878 832 944; x_wconf 74' lang='lat' dir='ltr'><strong>commemorationem</strong></span> <span class='ocrx_word' id='word_1_30' title='bbox 847 875 957 966; x_wconf 90' lang='lat' dir='ltr'><strong>paullo</strong></span> <span class='ocrx_word' id='word_1_31' title='bbox 973 887 1048 942; x_wconf 89' lang='lat' dir='ltr'><strong>anto</strong></span> <span class='ocrx_word' id='word_1_32' title='bbox 1062 878 1182 944; x_wconf 83' lang='lat' dir='ltr'><strong>lectam</strong></span> 
     </span>
     <span class='ocr_line' id='line_1_6' title="bbox 136 991 1184 1082; baseline 0.002 -24"><span class='ocrx_word' id='word_1_33' title='bbox 136 993 293 1082; x_wconf 80' lang='lat' dir='ltr'><strong>Apuleius</strong></span> <span class='ocrx_word' id='word_1_34' title='bbox 308 991 394 1058; x_wconf 86' lang='lat' dir='ltr'><strong>bend</strong></span> <span class='ocrx_word' id='word_1_35' title='bbox 410 993 477 1060; x_wconf 91' lang='lat' dir='ltr'><strong>scio</strong></span> <span class='ocrx_word' id='word_1_36' title='bbox 492 1015 533 1060; x_wconf 87' lang='lat' dir='ltr'><strong>an</strong></span> <span class='ocrx_word' id='word_1_37' title='bbox 547 996 755 1082; x_wconf 75' lang='lat' dir='ltr'><strong>praenomine</strong></span> <span class='ocrx_word' id='word_1_38' title='bbox 777 994 886 1062; x_wconf 89' lang='lat' dir='ltr'><strong>addito</strong></span> <span class='ocrx_word' id='word_1_39' title='bbox 908 1005 1024 1060; x_wconf 85' lang='lat' dir='ltr'><strong>cauere</strong></span> <span class='ocrx_word' id='word_1_40' title='bbox 1046 993 1184 1060; x_wconf 86' lang='lat' dir='ltr'><strong>uoluerit</strong></span> 
     </span>
     <span class='ocr_line' id='line_1_7' title="bbox 135 1107 1184 1178; baseline 0.002 -4"><span class='ocrx_word' id='word_1_41' title='bbox 135 1131 178 1174; x_wconf 90' lang='lat' dir='ltr'><strong>ne</strong></span> <span class='ocrx_word' id='word_1_42' title='bbox 208 1107 328 1176; x_wconf 85' lang='lat' dir='ltr'><strong>iudices</strong></span> <span class='ocrx_word' id='word_1_43' title='bbox 360 1107 513 1176; x_wconf 82' lang='lat' dir='ltr'><strong>Catulum</strong></span> <span class='ocrx_word' id='word_1_44' title='bbox 545 1119 580 1176; x_wconf 89' lang='lat' dir='ltr'><strong>et</strong></span> <span class='ocrx_word' id='word_1_45' title='bbox 612 1109 777 1178; x_wconf 82' lang='lat' dir='ltr'><strong>Catullum</strong></span> <span class='ocrx_word' id='word_1_46' title='bbox 810 1109 1051 1176; x_wconf 82' lang='lat' dir='ltr'><strong>confunderent</strong></span> <span class='ocrx_word' id='word_1_47' title='bbox 1101 1111 1184 1176; x_wconf 86' lang='lat' dir='ltr'><strong>alter</strong></span> 
     </span>
     <span class='ocr_line' id='line_1_8' title="bbox 135 1226 1184 1314; baseline 0.001 -23"><span class='ocrx_word' id='word_1_48' title='bbox 135 1226 227 1294; x_wconf 85' lang='lat' dir='ltr'><strong>testis</strong></span> <span class='ocrx_word' id='word_1_49' title='bbox 252 1247 318 1314; x_wconf 86' lang='lat' dir='ltr'><strong>quo</strong></span> <span class='ocrx_word' id='word_1_50' title='bbox 346 1248 544 1314; x_wconf 86' lang='lat' dir='ltr'><strong>praenomen</strong></span> <span class='ocrx_word' id='word_1_51' title='bbox 578 1227 641 1295; x_wconf 83' lang='lat' dir='ltr'><strong>Gai</strong></span> <span class='ocrx_word' id='word_1_52' title='bbox 672 1228 855 1296; x_wconf 81' lang='lat' dir='ltr'><strong>defenditur</strong></span> <span class='ocrx_word' id='word_1_53' title='bbox 883 1227 1104 1313; x_wconf 79' lang='lat' dir='ltr'><strong>Hieronymus</strong></span> <span class='ocrx_word' id='word_1_54' title='bbox 1126 1237 1184 1312; x_wconf 89' lang='lat' dir='ltr'><strong>est,</strong></span> 
     </span>
     <span class='ocr_line' id='line_1_9' title="bbox 136 1342 1185 1428; baseline 0 -20"><span class='ocrx_word' id='word_1_55' title='bbox 136 1343 190 1428; x_wconf 91' lang='lat' dir='ltr'><strong>qui</strong></span> <span class='ocrx_word' id='word_1_56' title='bbox 222 1343 261 1408; x_wconf 88' lang='lat' dir='ltr'><strong>ad</strong></span> <span class='ocrx_word' id='word_1_57' title='bbox 292 1342 427 1410; x_wconf 82' lang='lat' dir='ltr'><strong>Eusebii</strong></span> <span class='ocrx_word' id='word_1_58' title='bbox 456 1344 565 1410; x_wconf 90' lang='lat' dir='ltr'><strong>chron.</strong></span> <span class='ocrx_word' id='word_1_59' title='bbox 600 1343 641 1410; x_wconf 91' lang='lat' dir='ltr'><strong>ol.</strong></span> <span class='ocrx_word' id='word_1_60' title='bbox 672 1363 797 1410; x_wconf 81' lang='lat' dir='ltr'><strong>chxur</strong></span> <span class='ocrx_word' id='word_1_61' title='bbox 836 1365 955 1408; x_wconf 88' lang='lat' dir='ltr'><strong>annum</strong></span> <span class='ocrx_word' id='word_1_62' title='bbox 979 1367 1001 1408; x_wconf 86' lang='grc' dir='ltr'><strong>ιι</strong></span> <span class='ocrx_word' id='word_1_63' title='bbox 1031 1343 1113 1412; x_wconf 82' lang='lat' dir='ltr'><strong>haec</strong></span> <span class='ocrx_word' id='word_1_64' title='bbox 1143 1365 1185 1410; x_wconf 83' lang='lat' dir='ltr'><strong>ex</strong></span> 
     </span>
     <span class='ocr_line' id='line_1_10' title="bbox 135 1455 1184 1548; baseline 0 -22"><span class='ocrx_word' id='word_1_65' title='bbox 135 1455 291 1526; x_wconf 83' lang='lat' dir='ltr'><strong>Suetonio</strong></span> <span class='ocrx_word' id='word_1_66' title='bbox 317 1459 359 1526; x_wconf 89' lang='lat' dir='ltr'><strong>de</strong></span> <span class='ocrx_word' id='word_1_67' title='bbox 384 1460 463 1526; x_wconf 84' lang='lat' dir='ltr'><strong>uiris</strong></span> <span class='ocrx_word' id='word_1_68' title='bbox 491 1459 680 1528; x_wconf 88' lang='lat' dir='ltr'><strong>inlustribus</strong></span> <span class='ocrx_word' id='word_1_69' title='bbox 709 1469 864 1548; x_wconf 86' lang='lat' dir='ltr'><strong>excerpta</strong></span> <span class='ocrx_word' id='word_1_70' title='bbox 890 1460 1057 1528; x_wconf 82' lang='lat' dir='ltr'><strong>aduolauit</strong></span> <span class='ocrx_word' id='word_1_71' title='bbox 1079 1461 1184 1526; x_wconf 78' lang='lat' dir='ltr'><strong>Gaiae</strong></span> 
     </span>
     <span class='ocr_line' id='line_1_11' title="bbox 142 1576 1181 1665; baseline -0.002 -21"><span class='ocrx_word' id='word_1_72' title='bbox 142 1576 279 1644; x_wconf 70' lang='lat' dir='ltr'><strong>Voleso</strong></span> <span class='ocrx_word' id='word_1_73' title='bbox 300 1577 435 1645; x_wconf 66' lang='lat' dir='ltr'><strong>&amp;altar</strong></span> <span class='ocrx_word' id='word_1_74' title='bbox 456 1583 589 1664; x_wconf 81' lang='lat' dir='ltr'><strong>scriptor</strong></span> <span class='ocrx_word' id='word_1_75' title='bbox 610 1580 725 1665; x_wconf 60' lang='lat' dir='ltr'><strong>tyrseus</strong></span> <span class='ocrx_word' id='word_1_76' title='bbox 756 1579 888 1644; x_wconf 71' lang='lat' dir='ltr'><strong>Her-onoc</strong></span> <span class='ocrx_word' id='word_1_77' title='bbox 915 1583 1060 1644; x_wconf 70' lang='lat' dir='ltr'><strong>meatur.</strong></span> <span class='ocrx_word' id='word_1_78' title='bbox 1117 1599 1181 1665; x_wconf 91' lang='lat' dir='ltr'><strong>quo</strong></span> 
     </span>
     <span class='ocr_line' id='line_1_12' title="bbox 134 1692 1182 1782; baseline -0.002 -22"><span class='ocrx_word' id='word_1_79' title='bbox 134 1693 206 1760; x_wconf 86' lang='lat' dir='ltr'><strong>loco</strong></span> <span class='ocrx_word' id='word_1_80' title='bbox 247 1715 320 1760; x_wconf 90' lang='lat' dir='ltr'><strong>cum</strong></span> <span class='ocrx_word' id='word_1_81' title='bbox 363 1693 462 1760; x_wconf 87' lang='lat' dir='ltr'><strong>ceteri</strong></span> <span class='ocrx_word' id='word_1_82' title='bbox 505 1694 633 1760; x_wconf 87' lang='lat' dir='ltr'><strong>codices</strong></span> <span class='ocrx_word' id='word_1_83' title='bbox 677 1715 873 1782; x_wconf 88' lang='lat' dir='ltr'><strong>praenomen</strong></span> <span class='ocrx_word' id='word_1_84' title='bbox 917 1692 982 1760; x_wconf 83' lang='lat' dir='ltr'><strong>Gai</strong></span> <span class='ocrx_word' id='word_1_85' title='bbox 1017 1693 1182 1780; x_wconf 85' lang='lat' dir='ltr'><strong>praebent,</strong></span> 
     </span>
     <span class='ocr_line' id='line_1_13' title="bbox 134 1809 1182 1897; baseline 0.002 -21"><span class='ocrx_word' id='word_1_86' title='bbox 134 1819 204 1876; x_wconf 88' lang='lat' dir='ltr'><strong>tum</strong></span> <span class='ocrx_word' id='word_1_87' title='bbox 233 1809 265 1876; x_wconf 90' lang='lat' dir='ltr'><strong>in</strong></span> <span class='ocrx_word' id='word_1_88' title='bbox 294 1811 436 1876; x_wconf 85' lang='lat' dir='ltr'><strong>omnium</strong></span> <span class='ocrx_word' id='word_1_89' title='bbox 465 1811 609 1878; x_wconf 90' lang='lat' dir='ltr'><strong>codicum</strong></span> <span class='ocrx_word' id='word_1_90' title='bbox 641 1811 857 1878; x_wconf 83' lang='lat' dir='ltr'><strong>uetustissimo</strong></span> <span class='ocrx_word' id='word_1_91' title='bbox 886 1821 919 1876; x_wconf 91' lang='lat' dir='ltr'><strong>et</strong></span> <span class='ocrx_word' id='word_1_92' title='bbox 947 1811 1068 1897; x_wconf 88' lang='lat' dir='ltr'><strong>optimo</strong></span> <span class='ocrx_word' id='word_1_93' title='bbox 1096 1809 1182 1878; x_wconf 90' lang='lat' dir='ltr'><strong>Bon·</strong></span> 
     </span>
     <span class='ocr_line' id='line_1_14' title="bbox 132 1925 1181 2015; baseline 0 -21"><span class='ocrx_word' id='word_1_94' title='bbox 132 1925 303 2014; x_wconf 74' lang='lat' dir='ltr'><strong>garsiam,</strong></span> <span class='ocrx_word' id='word_1_95' title='bbox 329 1929 387 2015; x_wconf 88' lang='lat' dir='ltr'><strong>qni</strong></span> <span class='ocrx_word' id='word_1_96' title='bbox 408 1929 536 1996; x_wconf 88' lang='lat' dir='ltr'><strong>saeculo</strong></span> <span class='ocrx_word' id='word_1_97' title='bbox 559 1941 674 1996; x_wconf 87' lang='lat' dir='ltr'><strong>octauo</strong></span> <span class='ocrx_word' id='word_1_98' title='bbox 695 1929 813 1996; x_wconf 87' lang='lat' dir='ltr'><strong>litteris</strong></span> <span class='ocrx_word' id='word_1_99' title='bbox 835 1927 1022 1994; x_wconf 88' lang='lat' dir='ltr'><strong>maiusculis</strong></span> <span class='ocrx_word' id='word_1_100' title='bbox 1043 1927 1181 2015; x_wconf 88' lang='lat' dir='ltr'><strong>scriptus</strong></span> 
     </span>
     <span class='ocr_line' id='line_1_15' title="bbox 133 2045 1181 2133; baseline 0 -21"><span class='ocrx_word' id='word_1_101' title='bbox 133 2053 199 2124; x_wconf 85' lang='lat' dir='ltr'><strong>eet,</strong></span> <span class='ocrx_word' id='word_1_102' title='bbox 221 2067 418 2132; x_wconf 86' lang='lat' dir='ltr'><strong>praenomen</strong></span> <span class='ocrx_word' id='word_1_103' title='bbox 439 2069 504 2112; x_wconf 90' lang='lat' dir='ltr'><strong>non</strong></span> <span class='ocrx_word' id='word_1_104' title='bbox 526 2057 593 2112; x_wconf 89' lang='lat' dir='ltr'><strong>tem</strong></span> <span class='ocrx_word' id='word_1_105' title='bbox 614 2055 693 2114; x_wconf 87' lang='lat' dir='ltr'><strong>nota</strong></span> <span class='ocrx_word' id='word_1_106' title='bbox 712 2045 889 2112; x_wconf 86' lang='lat' dir='ltr'><strong>indicatum</strong></span> <span class='ocrx_word' id='word_1_107' title='bbox 913 2065 1010 2133; x_wconf 91' lang='lat' dir='ltr'><strong>quam</strong></span> <span class='ocrx_word' id='word_1_108' title='bbox 1032 2045 1181 2112; x_wconf 86' lang='lat' dir='ltr'><strong>omnibus</strong></span> 
     </span>
     <span class='ocr_line' id='line_1_16' title="bbox 132 2160 1181 2251; baseline 0.001 -24"><span class='ocrx_word' id='word_1_109' title='bbox 132 2160 250 2228; x_wconf 86' lang='lat' dir='ltr'><strong>litteris</strong></span> <span class='ocrx_word' id='word_1_110' title='bbox 272 2162 317 2228; x_wconf 87' lang='lat' dir='ltr'><strong>ita</strong></span> <span class='ocrx_word' id='word_1_111' title='bbox 343 2161 557 2251; x_wconf 90' lang='lat' dir='ltr'><strong>perscriptum</strong></span> <span class='ocrx_word' id='word_1_112' title='bbox 585 2173 691 2229; x_wconf 85' lang='lat' dir='ltr'><strong>estut</strong></span> <span class='ocrx_word' id='word_1_113' title='bbox 712 2185 811 2250; x_wconf 89' lang='lat' dir='ltr'><strong>supra</strong></span> <span class='ocrx_word' id='word_1_114' title='bbox 832 2162 865 2228; x_wconf 89' lang='lat' dir='ltr'><strong>in</strong></span> <span class='ocrx_word' id='word_1_115' title='bbox 887 2163 957 2229; x_wconf 88' lang='lat' dir='ltr'><strong>loeo</strong></span> <span class='ocrx_word' id='word_1_116' title='bbox 986 2162 1181 2250; x_wconf 87' lang='lat' dir='ltr'><strong>Hieronymi</strong></span> 
     </span>
     <span class='ocr_line' id='line_1_17' title="bbox 131 2275 1181 2362; baseline 0.001 -18"><span class='ocrx_word' id='word_1_117' title='bbox 131 2275 309 2345; x_wconf 78' lang='lat' dir='ltr'><strong>adferendo</strong></span> <span class='ocrx_word' id='word_1_118' title='bbox 346 2279 497 2362; x_wconf 86' lang='lat' dir='ltr'><strong>exhibui,</strong></span> <span class='ocrx_word' id='word_1_119' title='bbox 539 2282 581 2346; x_wconf 83' lang='lat' dir='ltr'><strong>cf.</strong></span> <span class='ocrx_word' id='word_1_120' title='bbox 616 2279 900 2348; x_wconf 83' lang='lat' dir='ltr'><strong>Reifferscheidiue</strong></span> <span class='ocrx_word' id='word_1_121' title='bbox 947 2280 987 2346; x_wconf 87' lang='lat' dir='ltr'><strong>ad</strong></span> <span class='ocrx_word' id='word_1_122' title='bbox 1031 2279 1181 2348; x_wconf 84' lang='lat' dir='ltr'><strong>Suetonii</strong></span> 
     </span>
     <span class='ocr_line' id='line_1_18' title="bbox 131 2395 1180 2485; baseline -0.002 -21"><span class='ocrx_word' id='word_1_123' title='bbox 131 2395 286 2485; x_wconf 84' lang='lat' dir='ltr'><strong>reliquias</strong></span> <span class='ocrx_word' id='word_1_124' title='bbox 307 2419 336 2485; x_wconf 90' lang='lat' dir='ltr'><strong>p.</strong></span> <span class='ocrx_word' id='word_1_125' title='bbox 361 2397 413 2464; x_wconf 79' lang='lat'><strong>22.</strong></span> <span class='ocrx_word' id='word_1_126' title='bbox 435 2398 484 2462; x_wconf 82' lang='lat'><strong>39.</strong></span> <span class='ocrx_word' id='word_1_127' title='bbox 506 2397 577 2464; x_wconf 86' lang='lat'><strong>383.</strong></span> <span class='ocrx_word' id='word_1_128' title='bbox 618 2398 692 2466; x_wconf 87' lang='lat' dir='ltr'><strong>talis</strong></span> <span class='ocrx_word' id='word_1_129' title='bbox 714 2396 862 2462; x_wconf 88' lang='lat' dir='ltr'><strong>codicum</strong></span> <span class='ocrx_word' id='word_1_130' title='bbox 884 2397 1027 2464; x_wconf 91' lang='lat' dir='ltr'><strong>omnium</strong></span> <span class='ocrx_word' id='word_1_131' title='bbox 1047 2399 1081 2462; x_wconf 92' lang='lat' dir='ltr'><strong>in</strong></span> <span class='ocrx_word' id='word_1_132' title='bbox 1103 2396 1180 2462; x_wconf 91' lang='lat' dir='ltr'><strong>duo-</strong></span> 
     </span>
     <span class='ocr_line' id='line_1_19' title="bbox 132 2513 1181 2604; baseline -0.001 -23"><span class='ocrx_word' id='word_1_133' title='bbox 132 2514 193 2581; x_wconf 88' lang='lat' dir='ltr'><strong>bus</strong></span> <span class='ocrx_word' id='word_1_134' title='bbox 216 2513 353 2582; x_wconf 88' lang='lat' dir='ltr'><strong>duorum</strong></span> <span class='ocrx_word' id='word_1_135' title='bbox 375 2515 568 2604; x_wconf 89' lang='lat' dir='ltr'><strong>scriptorum</strong></span> <span class='ocrx_word' id='word_1_136' title='bbox 583 2515 661 2583; x_wconf 90' lang='lat' dir='ltr'><strong>locis</strong></span> <span class='ocrx_word' id='word_1_137' title='bbox 676 2537 850 2581; x_wconf 87' lang='lat' dir='ltr'><strong>consensus</strong></span> <span class='ocrx_word' id='word_1_138' title='bbox 873 2513 1002 2602; x_wconf 89' lang='lat' dir='ltr'><strong>plurimi</strong></span> <span class='ocrx_word' id='word_1_139' title='bbox 1014 2513 1181 2580; x_wconf 90' lang='lat' dir='ltr'><strong>habendus</strong></span> 
     </span>
     <span class='ocr_line' id='line_1_20' title="bbox 132 2630 1182 2722; baseline -0.003 -23"><span class='ocrx_word' id='word_1_140' title='bbox 132 2641 202 2715; x_wconf 86' lang='lat' dir='ltr'><strong>eat,</strong></span> <span class='ocrx_word' id='word_1_141' title='bbox 234 2653 341 2721; x_wconf 88' lang='lat' dir='ltr'><strong>neque</strong></span> <span class='ocrx_word' id='word_1_142' title='bbox 362 2633 536 2722; x_wconf 84' lang='lat' dir='ltr'><strong>quicquam</strong></span> <span class='ocrx_word' id='word_1_143' title='bbox 557 2655 692 2700; x_wconf 86' lang='lat' dir='ltr'><strong>caussae</strong></span> <span class='ocrx_word' id='word_1_144' title='bbox 714 2633 806 2698; x_wconf 83' lang='lat' dir='ltr'><strong>adest</strong></span> <span class='ocrx_word' id='word_1_145' title='bbox 826 2654 883 2698; x_wconf 89' lang='lat' dir='ltr'><strong>cur</strong></span> <span class='ocrx_word' id='word_1_146' title='bbox 905 2632 957 2698; x_wconf 87' lang='lat' dir='ltr'><strong>uel</strong></span> <span class='ocrx_word' id='word_1_147' title='bbox 976 2631 1108 2698; x_wconf 88' lang='lat' dir='ltr'><strong>alterins</strong></span> <span class='ocrx_word' id='word_1_148' title='bbox 1129 2630 1182 2698; x_wconf 90' lang='lat' dir='ltr'><strong>uel</strong></span> 
     </span>
     <span class='ocr_line' id='line_1_21' title="bbox 132 2749 1179 2838; baseline -0.004 -22"><span class='ocrx_word' id='word_1_149' title='bbox 132 2749 301 2838; x_wconf 81' lang='lat' dir='ltr'><strong>utriusque</strong></span> <span class='ocrx_word' id='word_1_150' title='bbox 336 2749 503 2838; x_wconf 85' lang='lat' dir='ltr'><strong>scriptoris</strong></span> <span class='ocrx_word' id='word_1_151' title='bbox 542 2749 761 2817; x_wconf 89' lang='lat' dir='ltr'><strong>testimonium</strong></span> <span class='ocrx_word' id='word_1_152' title='bbox 796 2761 981 2838; x_wconf 86' lang='lat' dir='ltr'><strong>suspectum</strong></span> <span class='ocrx_word' id='word_1_153' title='bbox 1016 2749 1179 2816; x_wconf 81' lang='lat' dir='ltr'><strong>ducemne.</strong></span> 
     </span>
     <span class='ocr_line' id='line_1_22' title="bbox 131 2865 1181 2954; baseline -0.005 -19"><span class='ocrx_word' id='word_1_154' title='bbox 131 2888 274 2954; x_wconf 86' lang='lat' dir='ltr'><strong>namque</strong></span> <span class='ocrx_word' id='word_1_155' title='bbox 287 2866 472 2954; x_wconf 82' lang='lat' dir='ltr'><strong>Apuleium,</strong></span> <span class='ocrx_word' id='word_1_156' title='bbox 493 2867 594 2934; x_wconf 84' lang='lat' dir='ltr'><strong>etiarn</strong></span> <span class='ocrx_word' id='word_1_157' title='bbox 606 2867 633 2932; x_wconf 88' lang='lat' dir='ltr'><strong>si</strong></span> <span class='ocrx_word' id='word_1_158' title='bbox 646 2866 680 2932; x_wconf 93' lang='lat' dir='ltr'><strong>in</strong></span> <span class='ocrx_word' id='word_1_159' title='bbox 694 2865 959 2954; x_wconf 84' lang='lat' dir='ltr'><strong>praenominibus</strong></span> <span class='ocrx_word' id='word_1_160' title='bbox 974 2865 1111 2932; x_wconf 89' lang='lat' dir='ltr'><strong>citandis</strong></span> <span class='ocrx_word' id='word_1_161' title='bbox 1128 2887 1181 2932; x_wconf 90' lang='lat' dir='ltr'><strong>ne·</strong></span> 
     </span>
     <span class='ocr_line' id='line_1_23' title="bbox 132 2981 1180 3071; baseline -0.002 -23"><span class='ocrx_word' id='word_1_162' title='bbox 132 2983 318 3070; x_wconf 78' lang='lat' dir='ltr'><strong>glegentior</strong></span> <span class='ocrx_word' id='word_1_163' title='bbox 346 2982 445 3050; x_wconf 81' lang='lat' dir='ltr'><strong>luerit</strong></span> <span class='ocrx_word' id='word_1_164' title='bbox 479 2983 535 3068; x_wconf 83' lang='lat' dir='ltr'><strong>(cf.</strong></span> <span class='ocrx_word' id='word_1_165' title='bbox 557 2982 599 3048; x_wconf 91' lang='lat' dir='ltr'><strong>de</strong></span> <span class='ocrx_word' id='word_1_166' title='bbox 627 3007 712 3071; x_wconf 74' lang='lat' dir='ltr'><strong>mag·</strong></span> <span class='ocrx_word' id='word_1_167' title='bbox 735 2983 776 3050; x_wconf 89' lang='grc'><strong>66</strong></span> <span class='ocrx_word' id='word_1_168' title='bbox 797 3006 828 3071; x_wconf 90' lang='lat' dir='ltr'><strong>p.</strong></span> <span class='ocrx_word' id='word_1_169' title='bbox 849 2982 910 3050; x_wconf 75' lang='lat'><strong>538</strong></span> <span class='ocrx_word' id='word_1_170' title='bbox 933 2982 1116 3066; x_wconf 87' lang='lat' dir='ltr'><strong>Oudend.),</strong></span> <span class='ocrx_word' id='word_1_171' title='bbox 1147 2981 1180 3046; x_wconf 91' lang='lat' dir='ltr'><strong>in</strong></span> 
     </span>
     <span class='ocr_line' id='line_1_24' title="bbox 132 3097 1182 3189; baseline -0.002 -23"><span class='ocrx_word' id='word_1_172' title='bbox 132 3110 246 3188; x_wconf 85' lang='lat' dir='ltr'><strong>poetae</strong></span> <span class='ocrx_word' id='word_1_173' title='bbox 268 3099 437 3166; x_wconf 86' lang='lat' dir='ltr'><strong>clarissimi</strong></span> <span class='ocrx_word' id='word_1_174' title='bbox 458 3103 668 3189; x_wconf 85' lang='lat' dir='ltr'><strong>praenomine</strong></span> <span class='ocrx_word' id='word_1_175' title='bbox 689 3123 814 3166; x_wconf 88' lang='lat' dir='ltr'><strong>errasse</strong></span> <span class='ocrx_word' id='word_1_176' title='bbox 835 3101 967 3168; x_wconf 89' lang='lat' dir='ltr'><strong>minime</strong></span> <span class='ocrx_word' id='word_1_177' title='bbox 989 3098 1058 3164; x_wconf 88' lang='lat' dir='ltr'><strong>ueri</strong></span> <span class='ocrx_word' id='word_1_178' title='bbox 1079 3097 1182 3164; x_wconf 86' lang='lat' dir='ltr'><strong>simile</strong></span> 
     </span>
     <span class='ocr_line' id='line_1_25' title="bbox 133 3214 1181 3303; baseline -0.003 -21"><span class='ocrx_word' id='word_1_179' title='bbox 133 3229 190 3283; x_wconf 80' lang='lat' dir='ltr'><strong>est</strong></span> <span class='ocrx_word' id='word_1_180' title='bbox 244 3215 420 3286; x_wconf 84' lang='lat' dir='ltr'><strong>Suetonius</strong></span> <span class='ocrx_word' id='word_1_181' title='bbox 458 3227 565 3284; x_wconf 87' lang='lat' dir='ltr'><strong>antem</strong></span> <span class='ocrx_word' id='word_1_182' title='bbox 601 3217 670 3286; x_wconf 86' lang='lat' dir='ltr'><strong>sine</strong></span> <span class='ocrx_word' id='word_1_183' title='bbox 700 3216 797 3284; x_wconf 88' lang='lat' dir='ltr'><strong>dubio</strong></span> <span class='ocrx_word' id='word_1_184' title='bbox 830 3239 908 3282; x_wconf 88' lang='lat' dir='ltr'><strong>uero</strong></span> <span class='ocrx_word' id='word_1_185' title='bbox 938 3214 1058 3282; x_wconf 81' lang='lat' dir='ltr'><strong>Catulli</strong></span> <span class='ocrx_word' id='word_1_186' title='bbox 1092 3235 1181 3303; x_wconf 84' lang='lat' dir='ltr'><strong>prac-</strong></span> 
     </span>
     <span class='ocr_line' id='line_1_26' title="bbox 132 3331 1181 3422; baseline -0.006 -21"><span class='ocrx_word' id='word_1_187' title='bbox 132 3333 261 3402; x_wconf 87' lang='lat' dir='ltr'><strong>nomine</strong></span> <span class='ocrx_word' id='word_1_188' title='bbox 293 3355 372 3399; x_wconf 76' lang='lat' dir='ltr'><strong>uerus</strong></span> <span class='ocrx_word' id='word_1_189' title='bbox 400 3342 449 3400; x_wconf 86' lang='lat' dir='ltr'><strong>est</strong></span> <span class='ocrx_word' id='word_1_190' title='bbox 469 3356 575 3421; x_wconf 88' lang='lat' dir='ltr'><strong>neque</strong></span> <span class='ocrx_word' id='word_1_191' title='bbox 597 3335 765 3422; x_wconf 87' lang='lat' dir='ltr'><strong>probabile</strong></span> <span class='ocrx_word' id='word_1_192' title='bbox 786 3357 898 3400; x_wconf 90' lang='lat' dir='ltr'><strong>uerum</strong></span> <span class='ocrx_word' id='word_1_193' title='bbox 917 3333 959 3399; x_wconf 88' lang='lat' dir='ltr'><strong>ab</strong></span> <span class='ocrx_word' id='word_1_194' title='bbox 979 3331 1181 3420; x_wconf 84' lang='lat' dir='ltr'><strong>Hieronymo</strong></span> 
     </span>
     <span class='ocr_line' id='line_1_27' title="bbox 132 3447 1181 3540; baseline -0.002 -22"><span class='ocrx_word' id='word_1_195' title='bbox 132 3460 321 3539; x_wconf 88' lang='lat' dir='ltr'><strong>corruptum</strong></span> <span class='ocrx_word' id='word_1_196' title='bbox 344 3471 430 3527; x_wconf 88' lang='lat' dir='ltr'><strong>esse,</strong></span> <span class='ocrx_word' id='word_1_197' title='bbox 464 3451 575 3539; x_wconf 90' lang='lat' dir='ltr'><strong>quiin</strong></span> <span class='ocrx_word' id='word_1_198' title='bbox 597 3452 745 3519; x_wconf 85' lang='lat' dir='ltr'><strong>omnibus</strong></span> <span class='ocrx_word' id='word_1_199' title='bbox 767 3453 845 3520; x_wconf 90' lang='lat' dir='ltr'><strong>locis</strong></span> <span class='ocrx_word' id='word_1_200' title='bbox 867 3473 1012 3540; x_wconf 83' lang='lat' dir='ltr'><strong>quosex</strong></span> <span class='ocrx_word' id='word_1_201' title='bbox 1034 3447 1181 3518; x_wconf 83' lang='lat' dir='ltr'><strong>Suetonii</strong></span> 
     </span>
     <span class='ocr_line' id='line_1_28' title="bbox 131 3565 1179 3656; baseline -0.004 -22"><span class='ocrx_word' id='word_1_202' title='bbox 131 3567 172 3634; x_wconf 90' lang='lat' dir='ltr'><strong>de</strong></span> <span class='ocrx_word' id='word_1_203' title='bbox 193 3567 274 3634; x_wconf 86' lang='lat' dir='ltr'><strong>uiris</strong></span> <span class='ocrx_word' id='word_1_204' title='bbox 296 3567 486 3634; x_wconf 86' lang='lat' dir='ltr'><strong>inlustribus</strong></span> <span class='ocrx_word' id='word_1_205' title='bbox 507 3567 588 3634; x_wconf 86' lang='lat' dir='ltr'><strong>libro</strong></span> <span class='ocrx_word' id='word_1_206' title='bbox 610 3569 782 3656; x_wconf 83' lang='lat' dir='ltr'><strong>excerpsit,</strong></span> <span class='ocrx_word' id='word_1_207' title='bbox 811 3591 854 3636; x_wconf 91' lang='lat' dir='ltr'><strong>ne</strong></span> <span class='ocrx_word' id='word_1_208' title='bbox 875 3568 973 3634; x_wconf 85' lang='lat' dir='ltr'><strong>semel</strong></span> <span class='ocrx_word' id='word_1_209' title='bbox 996 3567 1125 3655; x_wconf 88' lang='lat' dir='ltr'><strong>quidem</strong></span> <span class='ocrx_word' id='word_1_210' title='bbox 1146 3565 1179 3631; x_wconf 92' lang='lat' dir='ltr'><strong>in</strong></span> 
     </span>
     <span class='ocr_line' id='line_1_29' title="bbox 131 3684 1180 3775; baseline -0.002 -23"><span class='ocrx_word' id='word_1_211' title='bbox 131 3684 397 3775; x_wconf 84' lang='lat' dir='ltr'><strong>praenominibus</strong></span> <span class='ocrx_word' id='word_1_212' title='bbox 419 3684 624 3752; x_wconf 86' lang='lat' dir='ltr'><strong>recensendis</strong></span> <span class='ocrx_word' id='word_1_213' title='bbox 645 3687 802 3774; x_wconf 81' lang='lat' dir='ltr'><strong>peccauit</strong></span> <span class='ocrx_word' id='word_1_214' title='bbox 850 3685 917 3752; x_wconf 75' lang='lat' dir='ltr'><strong>tut</strong></span> <span class='ocrx_word' id='word_1_215' title='bbox 941 3685 1026 3752; x_wconf 91' lang='lat' dir='ltr'><strong>enim</strong></span> <span class='ocrx_word' id='word_1_216' title='bbox 1048 3707 1180 3772; x_wconf 86' lang='lat' dir='ltr'><strong>praeno-</strong></span> 
     </span>
     <span class='ocr_line' id='line_1_30' title="bbox 129 3799 1179 3892; baseline -0.004 -22"><span class='ocrx_word' id='word_1_217' title='bbox 129 3825 220 3888; x_wconf 86' lang='lat' dir='ltr'><strong>men,</strong></span> <span class='ocrx_word' id='word_1_218' title='bbox 252 3799 344 3892; x_wconf 89' lang='lat' dir='ltr'><strong>quod</strong></span> <span class='ocrx_word' id='word_1_219' title='bbox 372 3801 406 3868; x_wconf 90' lang='lat' dir='ltr'><strong>in</strong></span> <span class='ocrx_word' id='word_1_220' title='bbox 434 3801 594 3889; x_wconf 82' lang='lat' dir='ltr'><strong>fragmb</strong></span> <span class='ocrx_word' id='word_1_221' title='bbox 622 3801 813 3870; x_wconf 84' lang='lat' dir='ltr'><strong>Reifferscb.</strong></span> <span class='ocrx_word' id='word_1_222' title='bbox 856 3802 1063 3872; x_wconf 87' lang='lat' dir='ltr'><strong>acodicibua</strong></span> <span class='ocrx_word' id='word_1_223' title='bbox 1083 3801 1179 3868; x_wconf 87' lang='lat' dir='ltr'><strong>Livio</strong></span> 
     </span>
     <span class='ocr_line' id='line_1_31' title="bbox 130 3918 1179 4010; baseline -0.003 -24"><span class='ocrx_word' id='word_1_224' title='bbox 130 3921 372 4010; x_wconf 76' lang='lat' dir='ltr'><strong>tragoediarum</strong></span> <span class='ocrx_word' id='word_1_225' title='bbox 394 3918 544 4007; x_wconf 83' lang='lat' dir='ltr'><strong>scriptori</strong></span> <span class='ocrx_word' id='word_1_226' title='bbox 559 3918 720 4006; x_wconf 85' lang='lat' dir='ltr'><strong>tribuitur,</strong></span> <span class='ocrx_word' id='word_1_227' title='bbox 741 3944 807 3988; x_wconf 91' lang='lat' dir='ltr'><strong>non</strong></span> <span class='ocrx_word' id='word_1_228' title='bbox 827 3931 894 3988; x_wconf 88' lang='lat' dir='ltr'><strong>tam</strong></span> <span class='ocrx_word' id='word_1_229' title='bbox 913 3920 954 3986; x_wconf 89' lang='lat' dir='ltr'><strong>ab</strong></span> <span class='ocrx_word' id='word_1_230' title='bbox 977 3919 1179 4006; x_wconf 88' lang='lat' dir='ltr'><strong>Hieronymo</strong></span> 
     </span>
    </p>
   </div>
   <div class='ocr_carea' id='block_1_3' title="bbox 0 0 1464 4492">
    <p class='ocr_par' dir='ltr' id='par_1_3' title="bbox 0 0 1464 4492">
     <span class='ocr_line' id='line_1_32' title="bbox 0 0 1464 4492; baseline 0 1"><span class='ocrx_word' id='word_1_231' title='bbox 0 0 1464 4492; x_wconf 95' lang='lat' dir='ltr'><strong> </strong></span> 
     </span>
    </p>
   </div>
  </div>
 </body>
</html>
