3002 4490
368 387 422 439 ΧΠ
457 385 506 438 DE
524 385 630 461 omne
648 385 850 440 nonnemo
868 384 1020 439 umvslo
1170 387 1220 440 em

170 554 318 619 carmem
347 555 399 618 sila
428 554 530 636 edam
553 553 662 640 prisco
683 577 763 618 more
789 551 924 636 insenius
951 553 1006 618 nu
1032 554 1135 618 mults'e
1157 575 1223 618 cum

171 672 311 736 Iacesinie
329 668 403 754 fero
424 681 452 734 et
471 671 505 734 e'a
524 681 700 756 perpaucum
724 671 784 734 uui
800 671 867 734 uate
888 663 973 735 dico'.
1016 671 1076 735 boc
1097 670 1223 758 supple·

170 796 282 852 mento
313 795 442 852 auctum
471 805 600 852 carmen
620 805 663 869 cr,
684 797 721 853 ut
742 787 782 853 de
806 786 985 852 sententiae
1006 785 1101 871 illius,
1123 809 1220 876 quam

171 902 210 969 P.
226 901 402 968 Boehmius
422 923 552 991 quoquc
573 905 606 968 in
621 902 864 992 quaestionibus
879 901 1068 970 Ootulliauis
1083 903 1220 970 Bonnee

172 1018 256 1084 1862
287 1018 382 1086 editis
413 1042 444 1106 p.
474 1021 514 1086 10
543 1020 658 1087 merito
688 1020 890 1108 adprobeuit‚
922 1019 1060 1086 ueritate
1092 1021 1220 1087 facilius

168 1133 306 1201 iudicari
327 1135 437 1223 possit,
458 1137 608 1204 hocloco
630 1138 833 1204 subscribere
853 1137 971 1225 placet.

256 1309 375 1376 Multae
393 1333 452 1398 per
470 1325 574 1400 qemee
595 1324 623 1377 et
643 1313 734 1378 multa
753 1335 809 1398 per
830 1335 965 1400 aequora
977 1324 1086 1402 'uectus
1129 1330 1159 1378 cr
1195 1335 1206 1378 1

294 1425 424 1493 aduenio
444 1432 501 1494 bae
522 1433 659 1506 muman,
673 1429 794 1514 frater,
815 1431 858 1494 ad
876 1427 1008 1514 referias

148 1543 151 1547 ’
254 1558 288 1610 ut
308 1558 334 1609 te
354 1558 506 1630 paetrerua
529 1543 674 1610 donarem
696 1569 817 1610 munere
837 1547 944 1610 mortis

295 1671 323 1726 et
342 1672 454 1726 muctam
476 1663 660 1748 nequiquam
682 1662 867 1748 adloquerer
887 1667 1024 1738 cinerem,

254 1777 378 1864 quande
399 1775 522 1863 quidem
537 1783 674 1862 fortuma
695 1777 772 1842 milti
790 1791 819 1841 te
839 1790 867 1840 te
887 1776 1007 1841 abetulit
1025 1782 1131 1862 iprum,
1193 1801 1207 1843 u

294 1893 352 1959 beu
373 1895 488 1960 euicere
510 1895 643 1982 inds’qne‘
651 1894 763 1979 frater
784 1897 920 1979 adempte
940 1893 1028 1958 miti.

253 2012 404 2098 adloquar
419 2013 548 2076 audiero
562 2033 724 2098 numquam
741 2023 792 2074 tua
805 2009 895 2092 facta
910 2009 1084 2098 loquentem,
1104 2029 1171 2075 va
1193 2034 1207 2076 o

294 2149 457 2214 numquam
480 2149 533 2214 eqo
555 2141 592 2204 te,
613 2133 677 2192 uita
696 2127 800 2211 frater
820 2128 997 2204 arerahn'le‘er¹
1193 2151 1221 2194 10

252 2245 402 2331 aspiciam
421 2248 547 2330 posthac
567 2272 579 2309 .·
599 2257 631 2308 at
652 2257 730 2310 certe
752 2267 870 2330 eemper
891 2246 1010 2320 amabo,

295 2383 411 2447 occuper
432 2373 548 2426 maesta
569 2373 622 2425 teca
642 2360 781 2426 carmina
802 2373 898 2425 morte
920 2384 1039 2442 canam,

253 2478 362 2565 qualia
383 2477 436 2543 aab
458 2476 567 2543 densis
588 2499 746 2541 ramorum
767 2475 900 2541 amcine't
918 2475 1033 2540 umbris

294 2593 427 2659 Daulias
448 2593 596 2678 absumpti
606 2591 685 2678 sata
704 2615 832 2680 pemeus
853 2591 936 2678 Ityli.

254 2733 336 2775 nune
347 2723 447 2776 tamen
458 2715 570 2775 cumea
581 2709 666 2792 baec,
676 2710 785 2795 prisco
796 2730 875 2796 quae
887 2721 1139 2802 morepareatum
1154 2729 1210 2776 cir

295 2829 410 2893 andita
430 2840 500 2892 auat
520 2828 617 2892 triuio
637 2849 761 2891 munero
783 2829 825 2890 ad
844 2825 990 2912 ese-eae,

254 2949 361 3030 accipe
374 2944 525 3029 fraterna
546 2944 667 3008 multum
688 2944 847 3008 manantia
863 2945 940 3027 fletu

294 3074 386 3148 atque
406 3061 440 3127 t'n
455 3072 648 3148 perpetuum,
667 3059 784 3144 frater,
801 3083 858 3125 aue
875 3073 969 3148 atque
989 3059 1070 3126 uale.
1196 3079 1222 3126 to

171 3235 262 3304 uides
296 3258 395 3324 quem
425 3237 557 3325 egregie
588 3235 695 3301 omnin
730 3235 925 3323 conspirent.
970 3255 1082 3300 uersus
1118 3255 1221 3300 nonus

172 3353 354 3440 (adlaqum)
385 3353 418 3418 in
451 3352 545 3420 bonis
573 3353 766 3442 quibusdem
798 3352 889 3418 tibris
922 3353 1060 3419 omissus
1090 3353 1168 3438 quin
1203 3373 1223 3416 n

172 3467 300 3536 Catullo
321 3469 485 3558 profectus
507 3469 549 3535 sit
570 3479 604 3536 et
627 3478 759 3557 propter
786 3466 868 3535 illud
896 3469 1038 3534 faturum
1069 3476 1221 3533 exactam

171 3587 300 3653 audiero
321 3609 416 3654 sensu
438 3586 597 3654 subtiliori
620 3585 759 3675 positum
782 3609 878 3675 quam
894 3607 993 3673 quem
1011 3583 1222 3671 interpolator

173 3701 304 3790 quidam
320 3703 523 3792 repperisset,
548 3715 581 3768 ct
603 3713 736 3791 propter
762 3704 909 3769 lacunam
933 3723 1045 3768 uersus
1070 3702 1166 3767 buius
1189 3701 1223 3766 in

173 3821 302 3888 Detono
317 3831 349 3888 et
364 3819 511 3888 Parisino
526 3819 633 3909 priore
650 3829 814 3887 extantem
829 3820 862 3887 in
877 3818 1012 3906 aliisque
1025 3817 1115 3885 libris
1129 3817 1220 3883 uario

173 3935 270 4002 modo
291 3938 454 4026 expletum
476 3935 616 4004 dubitari
638 3960 702 4004 non
720 3945 837 4026 potent
880 3956 986 4024 neque
1008 3935 1040 4000 in
1063 3955 1101 4000 co
1123 3931 1221 3998 offon-
