2954 4492
287 339 334 388 112
570 335 595 386 V
629 335 677 388 DE
694 333 871 388 suosmvs
889 333 1043 387 csuvm

282 493 466 588 τομόλησεν.
508 501 670 567 Α6166166
693 511 725 567 61
746 502 946 569 Octauianus
966 501 1051 568 illius
1065 500 1232 590 perfidiam
1255 525 1329 570 con·

284 621 392 686 sulatu
419 643 446 685 a
479 619 594 696 718136
624 620 730 686 deluto
763 619 959 686 remunerati
988 629 1073 686 sunt.
1124 619 1211 687 bellu
1241 620 1329 686 ciuili

282 748 396 827 postea
433 737 518 803 iuter
550 735 764 802 Octauianum
804 745 837 802 61
873 735 1051 802 Antonium
1082 746 1196 802 exorto
1231 735 1329 803 huius

283 875 417 922 caussae
447 853 595 921 addictus
620 854 653 918 in
685 875 795 940 pugna
824 853 960 920 Actiaca
990 875 1055 918 666
1081 876 1154 918 cum
1182 853 1328 920 Antonio

283 972 353 1061 ipso
375 972 488 1038 dextro
511 971 619 1038 classis
640 971 751 1036 cornui
772 969 921 1058 praefuit.

365 1089 463 1155 Hunc
483 1087 626 1155 Gellium
650 1089 751 1155 fuisse
771 1089 952 1176 putauerim
973 1109 1070 1175 quem
1091 1086 1237 1154 Catullus
1257 1109 1329 1176 sep-

282 1217 349 1274 tem
369 1206 431 1272 illis
458 1206 654 1272 carminibus
674 1205 870 1294 perstrinxit.
913 1228 996 1294 quae
1022 1205 1179 1271 sententia
1199 1205 1241 1272 ed
1261 1227 1330 1270 mo

282 1323 358 1390 dum
389 1324 564 1412 probabilis
595 1323 759 1389 uidebitur
785 1323 815 1388 ei
852 1325 907 1412 qui
945 1321 985 1388 L.
1023 1321 1121 1390 Gellii
1155 1321 1239 1388 illius
1274 1343 1328 1387 res

281 1440 454 1507 familiares
485 1441 591 1528 paullo
621 1440 805 1508 adcuratius
833 1441 1092 1506 considerauerit.
1136 1440 1175 1507 L.
1198 1437 1328 1506 Gellius

282 1557 320 1622 L.
349 1559 372 1624 f.
400 1557 567 1626 Publicola
599 1558 710 1624 consul
744 1581 773 1624 6.
809 1558 927 1636 682112
960 1568 1055 1624 66166
1087 1557 1172 1623 eires
1207 1579 1327 1622 annum

280 1676 417 1754 6161138
432 1676 465 1763 ²¹²)
496 1699 538 1742 ex
558 1699 661 1742 uxore
683 1675 764 1742 Pole
785 1677 824 1742 L.
848 1675 991 1742 Gellium
1017 1673 1138 1758 filium,
1170 1684 1285 1762 postea
1306 1698 1327 1740 6

279 1891 479 1902 ...---.

346 2033 468 2103 *lcirca
486 2033 899 2101 6666661611881.66111616
924 2041 1015 2088 uatum
1038 2050 1096 2088 esso
1112 2051 1162 2088 uus
1179 2049 1241 2087 oum
1257 2037 1328 2088 Dru-

278 2145 374 2181 66666
393 2129 493 2196 (HBur
511 2131 555 2196 04)
573 2134 599 2181 61
615 2145 677 2182 cum
694 2129 817 2182 Haukhio
835 2130 874 2196 (16
891 2129 977 2182 Ρ66111
993 2129 1201 2197 encyclupaedia
1216 2147 1245 2180 6ι
1262 2132 1326 2198 662)

277 2224 474 2290 contendimus,
507 2224 558 2276 etsi
586 2222 702 2276 Orellius
727 2224 825 2288 (onom.
847 2223 916 2274 TulL
939 2240 964 2290 p.
990 2225 1051 2291 288)
1078 2239 1139 2275 cum
1162 2223 1221 2274 eliis
1246 2223 1326 2274 aliter

275 2317 374 2370 statuit.
411 2334 453 2370 res
483 2317 544 2368 inde
570 2317 698 2383 dependet
724 2332 786 2368 num
809 2318 841 2369 L
858 2317 962 2370 Gellius
980 2323 1084 2383 erutor,
1112 2319 1189 2370 cuius
1216 2317 1325 2369 aliunde

276 2427 331 2462 uon
355 2413 455 2481 cogniti
472 2411 566 2463 cicero
581 2411 622 2477 (in
644 2413 726 2463 Bruto
746 2415 778 2462 27
799 2414 856 2464 106.
873 2415 906 2462 47
930 2413 988 2479 114)
1006 2409 1047 2462 bis
1072 2412 1231 2464 mentionem
1256 2413 1326 2476 16611,

276 2506 346 2559 idem
363 2507 446 2558 161666
462 2512 541 2573 atque
558 2507 589 2558 L
608 2507 709 2558 Gellius
726 2507 821 2560 consui
836 2507 970 2572 6682172
989 2505 1140 2558 adfirmetur
1157 2521 1190 2556 an
1207 2512 1325 2574 negatur.

276 2608 303 2654 et
328 2602 476 2669 negsndum
500 2602 605 2667 quidem
630 2601 695 2654 illud
723 2615 754 2653 eo
780 2601 886 2652 uidetur
907 2601 977 2668 quod
999 2601 1030 2654 L.
1048 2600 1129 2652 Gellii
1151 2602 1214 2651 anni
1230 2615 1325 2654 consu·

275 2695 339 2746 luris
361 2695 463 2747 ratione
485 2694 579 2747 hebita
599 2694 633 2746 ad
662 2696 719 2748 eius
738 2709 835 2744 annum
851 2694 966 2745 66161616
985 2695 1099 2760 6681116
1117 2693 1271 2759 referimur,
1299 2701 1326 2746 61

276 2789 347 2855 quod
371 2788 485 2840 Gellium
503 2794 645 2851 oratorem,
674 2793 704 2839 ut
721 2795 782 2854 pote
800 2789 846 2854 qui
862 2794 890 2839 et
907 2789 936 2842 G.
956 2789 1057 2854 Papirii
1074 2787 1203 2840 Carbonis
1220 2789 1247 2839 in
1265 2789 1326 2840 eius

274 2882 414 2934 consulatu
441 2881 554 2949 6841120
583 2881 780 2934 contubemulis
812 2892 839 2934 et
865 2883 944 2934 661611
970 2883 1005 2934 Μ,
1032 2882 1143 2935 Antonii
1175 2883 1206 2934 L
1233 2881 1324 2934 cressi

274 2977 304 3028 L.
321 2975 444 3044 Philippi,
460 2991 571 3043 quorum
589 2976 688 3042 primus
706 2991 729 3026 a
749 2975 862 3041 6111148
880 2974 947 3028 elter
964 2991 988 3027 a.
1006 2978 1120 3042 6141140
1138 2977 1232 3028 tertius
1249 2977 1324 3028 circa

274 3087 373 3124 sunum
390 3072 503 3138 6081146
519 3071 564 3138 (61.
582 3085 663 3138 supra
679 3086 703 3137 p.
723 3072 782 3140 110)
798 3072 855 3122 6611
871 3077 954 3136 erant,
980 3087 1062 3139 prope
1079 3074 1234 3124 coniunctus
1252 3076 1324 3123 66661

274 3165 318 3231 (ei.
336 3167 410 3217 Brut.
424 3169 457 3216 42
472 3167 540 3235 124),
557 3179 667 3217 necesse
684 3163 811 3216 babemus
828 3165 985 3218 concludere
1003 3165 1073 3216 61666
1089 3181 1188 3217 aunum
1206 3165 1321 3230 6161168

274 3264 364 3310 natum
381 3276 449 3312 ease.
467 3275 530 3312 uem
543 3262 628 3311 maius
639 3260 708 3312 iuter
721 3274 804 3310 annos
816 3257 928 3324 6161188
940 3265 967 3310 61
977 3259 1091 3325 6881116
1099 3259 1202 3311 natales
1219 3259 1321 3311 ratione

274 3353 380 3406 dinerss
402 3359 520 3421 repertos
544 3353 686 3406 6116661666
709 3361 795 3419 extat,
822 3369 901 3420 quam
918 3359 949 3407 ut
965 3353 998 3407 de
1018 3369 1073 3406 666
1097 3353 1240 3420 eodemque
1263 3356 1322 3406 uiro

274 3449 422 3499 consociari
439 3463 485 3498 ecs
507 3463 587 3515 posse
612 3447 748 3516 probabile
770 3449 814 3500 sit.
849 3455 878 3500 ut
894 3449 963 3500 enim
980 3463 1078 3500 annum
1096 3449 1208 3515 6161168
1225 3449 1322 3517 probs·

272 3555 346 3604 mus,
371 3541 400 3591 L
419 3540 522 3593 Gellius
542 3542 708 3594 consulatum
732 3543 828 3608 uiginti
851 3541 936 3594 tribus
960 3543 1036 3594 66616
1058 3549 1119 3611 post
1141 3557 1218 3596 suum
1241 3559 1322 3610 quem

272 3639 370 3685 666661
390 3649 489 3686 annum
512 3651 582 3688 anno
608 3637 702 3688 natatis
720 3636 885 3704 sexagesimo
904 3642 980 3690 sextu
1005 3637 1097 3704 gessit.
1131 3637 1214 3690 nihilo
1232 3639 1320 3690 minus

271 3727 322 3778 hee
340 3727 490 3779 difficultate
507 3745 559 3780 non
578 3730 694 3781 deterriti
711 3733 737 3780 et
753 3731 924 3796 armamentis,
942 3739 971 3781 ut
988 3730 1065 3782 nobis
1084 3733 1187 3798 quidem
1204 3733 1319 3799 uidetur,

272 3820 439 3888 grauioribus
457 3822 518 3873 freti
536 3823 691 3876 arbitramur
716 3839 776 3876 curn
798 3825 951 3876 Dmmaunu
969 3831 996 3876 et
1013 3825 1135 3878 Haskhio
1153 3826 1184 3877 L.
1202 3827 1320 3880 Gellium

271 3916 408 3972 consulem
424 3921 451 3968 et
467 3915 498 3970 L
516 3916 630 3970 6611166
647 3923 777 3971 oratorem
799 3917 910 3970 eundem
933 3935 992 3972 esee
1009 3920 1143 3972 homiuem
1159 3936 1184 3973 a.
1201 3921 1318 3986 6161168
