2970 4484
467 337 517 389 Vll
553 339 603 392 Du
620 339 764 392 rumano
781 339 973 394 attamen
1193 345 1241 394 178

359 503 548 590 Propontida
568 517 717 570 anemae
738 505 892 573 Ponticum
914 508 1025 584 sinunt,

357 619 414 686 uti
430 622 489 686 sista
508 632 580 706 port
593 625 738 707 phaselus
758 635 851 690 amca
869 624 930 706 tait

357 749 477 803 minato
497 739 583 804 eura.

188 907 289 975 quem
322 886 460 952 marium
489 896 522 954 ct
549 888 696 953 locorum
725 886 869 954 ordinem
890 889 916 954 si
936 888 1106 956 inuerteris
1128 888 1241 976 (poeta

188 1003 277 1070 enim
310 1003 345 1068 in
375 1001 421 1070 cis
448 1003 652 1070 nominandis
679 1025 699 1069 a
725 1005 830 1089 magis
862 1005 975 1072 uicinis
1003 1004 1045 1071 ad
1067 1005 1240 1073 remotiora

188 1139 382 1208 progressus
404 1119 484 1201 cst),
514 1140 643 1184 cursum
667 1141 763 1206 quem
789 1119 939 1207 phaselus
959 1121 1064 1187 tonuit
1086 1120 1239 1189 adcurate

188 1235 397 1322 cognocetis.
433 1255 539 1322 neque
561 1234 709 1301 obliuisci
730 1235 884 1302 debemus
906 1234 1080 1318 Catullum,
1101 1261 1174 1305 cum
1197 1261 1239 1306 ex

189 1350 390 1439 Propontide
404 1349 545 1418 'lhracia
558 1373 577 1415 a
590 1351 645 1418 uia
657 1359 747 1416 recta
757 1371 889 1419 auersus
902 1351 958 1437 (cl.
969 1377 1093 1420 xxxxvr
1105 1355 1139 1440 6)
1152 1355 1238 1422 Rho-

189 1466 278 1549 dum,
299 1465 334 1530 in
355 1465 468 1532 urbem
501 1465 614 1532 studiis
633 1465 813 1533 litterarum
833 1467 866 1534 in
888 1468 999 1555 primis
1019 1471 1238 1560 philosophiae

189 1592 224 1650 ct
245 1581 451 1670 eloquentiae
472 1581 534 1648 illis
561 1583 762 1670 temporibus
790 1583 1046 1671 celeberrimam,
1078 1589 1234 1672 tenderet,

190 1699 233 1766 ad
262 1699 407 1766 Troiana
428 1699 498 1764 siue
523 1698 673 1766 Rhoetea
698 1699 794 1767 litora
821 1723 904 1768 naue
925 1703 1060 1791 adpulsa
1081 1707 1237 1772 tumulum

189 1815 301 1882 fratris
321 1824 424 1882 morte
451 1824 581 1882 matura
600 1817 662 1884 sibi
683 1818 846 1906 absumpti
866 1827 1029 1906 postremo
1052 1819 1238 1888 inferiarum

190 1953 325 2000 munere
351 1933 522 1999 donauisse
536 1954 544 1997 :
559 1933 599 2000 cf.
614 1955 744 2000 carmen
759 1953 801 2018 cr,
822 1933 864 1999 de
878 1957 942 2023 quo
956 1957 1033 2002 mox
1048 1937 1141 2025 plura
1154 1939 1236 2005 dice

189 2071 273 2115 mna
306 2071 502 2138 quamquam
524 2071 566 2116 ex
587 2050 729 2117 carmine
743 2073 795 2134 nn,
817 2052 851 2118 in
870 2051 982 2138 primis
996 2075 1038 2120 ex
1058 2055 1126 2122 cius
1140 2077 1235 2122 uersu

189 2165 351 2254 nigesimc
372 2166 476 2232 altero
498 2175 531 2232 et
552 2167 762 2255 sequentibus

338 2349 441 2414 aequo
455 2326 523 2392 alb
542 2338 615 2392 uoto
635 2327 805 2392 litoralibus
826 2326 895 2394 derb

340 2443 410 2509 cibi
427 2465 492 2508 cara
505 2442 612 2530 facto,
635 2466 702 2509 cum
723 2445 844 2510 candet
863 2470 885 2510 a
906 2447 1010 2511 marci

338 2563 501 2624 ammone
520 2561 602 2625 hanc
623 2561 666 2624 cd
684 2583 778 2646 usqae
798 2561 961 2646 limpidam
983 2564 1090 2646 locam,

187 2713 356 2783 Catullum
389 2716 522 2804 phaselo
558 2739 616 2782 suo
655 2739 697 2784 ex
732 2719 813 2786 mari
848 2717 1020 2786 Adriatico
1052 2721 1087 2788 in
1128 2722 1233 2788 lacum

184 2832 356 2901 Benacum
394 2832 567 2918 nauigassc
602 2835 805 2902 manifestum
836 2847 905 2919 est,
948 2847 1056 2924 tamen
1094 2862 1233 2927 quanam

185 2949 313 3016 ratione
332 2949 365 3015 id
379 2949 551 3036 perfecerit
572 2951 724 3018 adcurate
744 2951 879 3019 indicari
900 2975 966 3019 non
987 2963 1104 3042 potest.
1134 2951 1234 3022 Scali-

183 3087 246 3154 ger
272 3067 403 3154 putauit
424 3066 591 3154 phaselum
613 3090 673 3156 per
694 3067 818 3134 Padum
840 3079 873 3135 ct
900 3067 1057 3136 Mincium
1079 3070 1233 3135 aduersos

183 3181 218 3247 in
239 3181 347 3248 lacum
367 3181 535 3249 Benacum
555 3185 740 3272 nauigasse.
783 3184 841 3250 scd
862 3184 975 3270 bodie,
1004 3196 1041 3251 ut
1061 3186 1232 3272 regionum

183 3299 313 3365 illarum
333 3297 427 3386 periti
449 3300 636 3383 adfirmant,
666 3321 774 3389 neque
804 3302 866 3368 hac
887 3303 942 3369 uia
963 3303 1010 3368 uti
1030 3302 1104 3370 licet
1124 3324 1230 3390 neque

182 3417 217 3482 in
251 3415 437 3484 uniuersum
475 3417 542 3483 ulla
577 3417 745 3504 nauigatio
782 3417 868 3484 inter
901 3441 990 3485 mare
1028 3419 1231 3486 Adriaticum

181 3543 217 3599 ct
257 3532 425 3599 Benacum
459 3533 565 3599 lacum
607 3543 708 3600 extat.
757 3544 863 3601 tamen
876 3565 885 3619 5
922 3545 959 3602 ut
996 3559 1037 3602 ex
1072 3537 1118 3601 eis
1148 3558 1232 3625 quac

180 3649 224 3714 A.
256 3647 299 3715 G.
328 3647 500 3736 Zumptius
530 3649 565 3716 in
596 3639 761 3718 Leutschii
794 3651 951 3738 philologi
982 3675 1026 3718 xu
1057 3653 1118 3718 754
1149 3653 1233 3720 dixit

179 3767 332 3852 conpari,
363 3765 504 3832 Ioannes
531 3765 751 3864 Hieronymus
780 3766 893 3835 Ortius
913 3767 946 3834 in
968 3769 1050 3834 libro
1073 3789 1168 3857 quem
1191 3769 1231 3835 de

180 3879 343 3950 Sirmicnc
364 3881 470 3948 insula
490 3883 641 3950 Veronae
662 3907 691 3950 a.
715 3885 797 3951 1856
817 3883 919 3951 edidit
943 3883 1061 3950 Catulli
1083 3885 1230 3971 tempori·
