2970 4484
330 351 407 404 vult
442 351 491 404 DE
506 351 668 404 cursem!
686 351 732 404 ΕΤ
749 351 978 406 censeamus
1129 356 1179 408 ste

126 515 325 605 conspirent.
366 517 626 606 inuestigandum
654 518 756 606 igitur
782 520 920 606 primum
950 541 1027 586 num
1056 517 1178 586 Caesar

128 642 163 699 et
176 631 344 700 Mamurra
365 655 439 700 eum
460 634 569 702 Mucia
589 635 853 702 adulterauerint.
894 646 991 723 atque
1006 635 1180 703 Caesarem

127 751 257 817 macula
284 750 345 818 hae
373 772 408 817 se
430 751 699 819 contaminauisse
720 751 805 818 inter
827 775 938 818 omnes
959 761 1094 819 constat
1138 753 1177 818 cf.

130 867 281 936 Suetonii
296 867 372 935 Iulii
385 869 428 935 50
439 891 572 954 pronum
591 881 619 934 et
632 882 837 954 sumptuosum
856 871 893 935 a'n
910 871 1060 936 lt'lu'dt'ues
1080 871 1179 952 fatiae

131 998 273 1052 comum
300 986 404 1072 opinio
433 997 478 1052 eat
500 987 707 1073 plurimasque
728 999 756 1050 et
782 987 925 1052 tusses
945 987 1087 1070 femiam
1114 1009 1178 1052 eor·

129 1105 244 1189 rupim
271 1125 280 1167 ε
309 1103 344 1168 t'a
372 1101 485 1189 quibua
513 1103 702 1170 Postumiam
735 1100 844 1168 Seruii
875 1101 1010 1190 Sulpicii
1048 1101 1178 1168 lolliam

128 1221 206 1286 Aut
236 1219 366 1285 Gabia&
405 1219 570 1284 listellam
598 1217 644 1284 M.
679 1219 804 1302 Crassi,
837 1223 924 1284 etiam
957 1219 1018 1286 Ga.
1048 1221 1182 1305 Pompei

128 1337 285 1404 mcum.
327 1359 402 1401 num
416 1335 934 1422 omstspeiosattetomuua
952 1347 1045 1422 patre
1066 1349 1094 1402 ee
1106 1336 1178 1422 filio

128 1466 157 1518 et
183 1477 204 1518 a
223 1452 328 1518 multis
348 1451 567 1538 caprola-utum
597 1465 642 1517 est
670 1451 752 1538 quud
776 1457 861 1518 sums
887 1477 1000 1520 caussa
1022 1467 1179 1538 portares

127 1569 240 1636 liberos
266 1569 418 1654 seryum
443 1590 571 1633 umorem
599 1581 626 1633 at
653 1591 740 1655 quem
768 1591 896 1657 pareas
916 1570 1102 1658 Aspa'athum
1123 1571 1179 1634 ad-

124 1685 245 1772 pellere
264 1697 446 1768 coemeret,
475 1687 542 1750 eiua
569 1697 676 1774 postep
703 1685 804 1766 filiam
830 1691 983 1771 potentiae
1010 1687 1179 1772 rupidsiata

127 1805 166 1868 ἐπ
192 1803 427 1868 matrimonium
454 1806 617 1888 recepisset.
669 1801 844 1890 Pompeius
873 1823 914 1867 ex
942 1802 1024 1868 Asia
1050 1801 1179 1868 rediens

125 1919 218 2007 prius
237 1940 333 2006 quam
350 1917 488 1984 Romam
511 1917 642 1984 aduenit
656 1917 809 1986 extremis
831 1917 943 1987 diebus
957 1920 1034 1985 anni
1049 1917 1178 2000 692162,

128 2034 162 2102 id
194 2034 282 2122 quod
309 2056 351 2101 ex
381 2035 548 2102 Ciceronis
581 2035 621 2100 ad
650 2035 796 2101 Atticum
829 2035 1039 2123 epistularum
1065 2035 1178 2101 1123

127 2151 265 2238 adparet
285 2149 341 2229 (ef.
360 2151 543 2218 Drumanni
563 2152 769 2218 historiarum
787 2151 1006 2220 Romanarum
1029 2175 1071 2218 uu
1092 2151 1178 2236 478),

127 2267 259 2334 Muciae
280 2267 456 2335 diuortium
477 2267 639 2335 nuntiauit
660 2295 667 2334 :
690 2267 837 2335 adultera
857 2270 974 2336 mulier
995 2277 1109 2356 postea
1130 2269 1175 2334 M.

124 2383 269 2452 Aemilio
291 2381 416 2452 Scauro
438 2385 559 2450 homini
580 2385 688 2451 multis
708 2409 749 2452 ex
777 2384 898 2451 caussis
926 2385 1037 2451 inlami
1048 2433 1058 2467 ‚
1084 2384 1178 2450 euius

127 2523 274 2568 sororem
293 2499 463 2566 Aemiliam
486 2511 561 2566 ante
581 2499 721 2566 Muciam
738 2501 912 2590 Pompeius
935 2499 1027 2568 Sulla
1046 2501 1179 2567 iubente

127 2641 215 2686 auno
236 2617 353 2694 672182
375 2617 407 2682 in
428 2616 667 2684 matrimonium
689 2616 841 2698 duxerat,
862 2639 948 2682 anno
971 2617 1040 2682 fere
1061 2617 1179 2694 696158

127 2733 247 2823 nupsit.
299 2735 409 2821 itaque
437 2731 610 2800 Gaesarem
644 2755 717 2800 cum
749 2732 860 2798 Mucia
890 2733 1088 2800 adulterasse
1125 2755 1179 2799 ex-

127 2851 292 2939 ploratum
314 2862 363 2917 est
383 2873 392 2915 :
412 2851 454 2917 de
474 2851 587 2918 eodem
602 2849 727 2937 flagitio
742 2849 928 2916 Mamurrae
941 2849 1020 2916 nihil
1032 2850 1180 2930 relatum,

128 2967 189 3034 sed
218 2967 294 3054 quid
327 2967 478 3055 prohibet
508 2989 573 3054 quo
605 2967 711 3034 minus
745 2967 774 3032 ei
806 2966 892 3033 idem
922 2977 1019 3054 atque
1047 2965 1178 3033 Caesari

128 3085 234 3152 scelus
261 3083 462 3171 inputemus,
493 3083 623 3172 quando
654 3083 783 3172 quidem
813 3083 946 3150 Caesari
977 3093 1010 3149 et
1039 3083 1179 3149 Mamur·

126 3225 186 3268 rae
211 3211 278 3268 tam
303 3203 415 3289 putere
442 3200 657 3268 conueniebat
684 3210 722 3267 ut
746 3201 864 3266 duales
889 3204 962 3266 sossi
978 3201 1180 3284 pausarum

128 3317 267 3386 esseut?
308 3318 367 3401 (ef.
389 3339 486 3405 supra
506 3339 536 3406 p.
562 3318 647 3400 190).

212 3435 328 3522 Neque
355 3445 482 3522 tempus
510 3456 575 3521 quo
606 3432 764 3500 adulteria
793 3456 866 3500 eum
891 3431 1001 3498 Mucia
1028 3453 1180 3499 exercere

127 3550 252 3620 Caesar
273 3561 307 3618 et
334 3549 501 3616 Mamurra
533 3551 700 3637 coeperint
728 3572 787 3616 nos
818 3549 907 3616 latet.
961 3546 1106 3615 Catullus
1136 3549 1181 3616 ait

127 3669 250 3734 maula
270 3669 419 3753 Pompeio
437 3667 580 3752 puerum
600 3669 659 3730 due
681 3665 818 3730 solebant
839 3665 1017 3742 Marsum,
1047 3666 1109 3731 hoe
1132 3675 1181 3730 est

127 3807 216 3852 anne
246 3784 381 3866 684170,
413 3805 479 3871 quo
512 3805 596 3850 anno
629 3781 753 3848 Caesar
789 3783 858 3848 fere
889 3782 1078 3848 tricenarius
1108 3782 1179 3848 fuit.

127 3913 163 3970 at
183 3900 354 3990 probabile
382 3921 447 3966 nen
478 3909 527 3966 est
557 3899 621 3967 iam
650 3898 705 3966 ille
734 3921 819 3967 anno
850 3897 986 3988 Pompei
1020 3897 1182 3966 consulari
