2970 4484
399 333 476 388 vim
510 335 560 387 DE
575 333 732 387 causus
749 331 1042 387 censueramus
1203 333 1251 384 ΙΒῚ

304 501 367 568 Na
383 503 509 568 rrimissm
529 499 642 584 studeo,
666 499 791 584 Caesar,
812 503 864 566 a‘bi
880 501 956 566 uelle
974 502 1096 586 placere

354 641 408 684 asc
429 617 510 684 scire
529 630 632 682 atrum
653 617 702 682 sis
720 615 807 682 allus
828 639 869 681 arr
890 627 957 681 ater
976 615 1071 682 tomo.

204 799 481 870 uehementiorem
509 802 542 866 in
570 799 697 867 duobus
717 800 913 868 carminibus
935 801 1083 868 Catullus
1106 821 1141 867 se
1162 821 1251 888 prae

202 919 276 986 buit
306 917 340 984 in
370 916 489 1004 quibus
523 927 653 1006 praeter
687 914 860 985 Caesarem
890 917 1089 985 Mamurram
1122 938 1251 1006 quoque

202 1033 395 1122 exagitsuit.
438 1041 514 1098 sunt
533 1032 612 1099 haec
628 1051 694 1098 nvn
712 1032 825 1098 Pulcra
846 1039 982 1100 mouerit
1001 1034 1136 1120 inprobis
1155 1039 1251 1099 ciriae·

203 1151 256 1218 dir
277 1160 311 1216 et
331 1171 440 1216 xxruu
479 1147 551 1228 esa
579 1148 636 1216 hcc
661 1161 760 1236 porra
783 1149 905 1232 asiiors,
937 1154 1006 1238 qais
1031 1159 1129 1236 potest
1152 1150 1224 1234 pati
1235 1152 1253 1214 ?

201 1265 388 1348 Mamurra,
430 1285 530 1354 eques
565 1264 733 1330 Romanus
768 1265 929 1349 Formiis,
973 1266 1005 1332 in
1041 1267 1121 1332 urbe
1155 1264 1252 1349 Latii,

203 1392 299 1450 natus
321 1381 377 1467 (cf.
395 1382 541 1446 nme
575 1379 742 1447 xxnrnb
776 1383 884 1447 uvrr4
918 1380 1049 1448 Horatii
1069 1391 1251 1448 saturarum

203 1497 330 1583 1537)
361 1494 511 1566 Caesaris
541 1499 575 1562 in
606 1496 718 1563 Gallia
747 1497 929 1585 praefectus
960 1498 1087 1564 fabrum
1118 1497 1188 1564 fuit.
1231 1520 1251 1563 a

203 1634 269 1703 quc
295 1613 476 1679 inmensum
501 1611 535 1679 in
555 1613 686 1678 modum
708 1635 786 1679 auro
807 1612 932 1680 Gallico
954 1615 1168 1702 locupletatus
1191 1613 1248 1698 (cf.

202 1729 360 1796 Friderici
388 1727 550 1796 Hultschii
576 1729 745 1816 metrolog.
776 1739 876 1796 uetes.
898 1753 928 1818 p
950 1729 1012 1795 226
1030 1741 1063 1796 el
1084 1727 1251 1797 Ciceronis

202 1847 244 1914 ad
265 1845 413 1914 Atticum
433 1868 474 1911 ru
497 1847 515 1910 'l
537 1847 572 1932 6)
592 1846 779 1935 profusione
807 1857 840 1912 et
866 1845 996 1913 luxuria
1021 1845 1181 1912 inmodica
1204 1844 1251 1910 iu·

201 1963 298 2032 famis
329 1963 391 2029 fuit
424 1988 431 2028 :
465 1963 505 2029 cf.
540 1965 573 2029 in
604 1963 716 2052 primis
748 1963 872 2029 Plinius
910 1963 1064 2029 historiae
1097 1961 1250 2030 naturalis

203 2103 305 2146 xxxvl
336 2081 357 2145 6
385 2080 427 2145 48
459 2081 596 2166 primum
634 2079 752 2145 Romae
786 2081 921 2166 parietas
953 2093 1054 2146 crusta
1088 2078 1250 2144 marmoris

201 2198 356 2284 operarias
389 2207 463 2261 totos
498 2195 606 2262 domas
637 2219 710 2262 suae
743 2201 774 2262 ia
811 2197 916 2262 Caels'c
949 2208 1049 2262 morale
1086 2193 1250 2262 Cornelias

201 2317 304 2400 Nepos
329 2314 425 2378 tradi
453 2311 670 2395 Mamurram,
702 2313 838 2378 Formiis
857 2325 959 2378 samm
981 2313 1113 2400 equitem
1134 2311 1249 2376 Roma-

201 2453 286 2514 msm,
303 2427 498 2516 prasfectum
516 2428 654 2516 fabrum
677 2431 717 2496 G.
741 2428 891 2495 Caesaris
912 2434 942 2494 ia
965 2429 1092 2510 Gallia,
1112 2451 1151 2493 ns
1172 2426 1253 2514 quid

201 2547 398 2636 indignitatis
417 2549 495 2612 desit
514 2548 572 2612 tuli
599 2560 724 2612 auctore
750 2549 875 2612 inuenta
901 2569 947 2610 rs.
988 2549 1034 2610 lic
1053 2566 1185 2632 namque
1206 2555 1251 2608 ast

201 2663 370 2729 Mamurra
393 2663 512 2730 Catulli
537 2666 712 2730 Veronensis
733 2664 920 2730 carminibus
937 2667 1127 2750 proscissus,
1148 2682 1249 2748 qaam

201 2791 236 2846 ut
254 2803 303 2844 res
324 2792 382 2863 cst,
412 2782 519 2846 domus
546 2781 644 2866 ipsias
672 2781 794 2846 clarsiss
814 2803 908 2868 qaum
931 2779 1068 2846 Causllm
1089 2778 1176 2844 dicit
1194 2779 1249 2844 lra-

202 2897 272 2962 bars
286 2889 444 2984 ‘prsidquid
455 2897 609 2962 habuisset
629 2897 750 2962 Comata
761 2891 885 2963 Gallia'.
907 2919 1038 2984 mamque
1058 2895 1155 2960 adieri
1173 2895 1249 2958 idam

199 3015 307 3101 Nepos
320 3018 454 3099 primam
468 3014 535 3078 ure
555 3013 684 3078 aedibus
704 3013 822 3078 nullam
843 3013 913 3078 misi
931 2991 1119 3077 emar-more
1140 3010 1250 3074 colam·

199 3153 274 3196 nam
304 3131 449 3196 habaima
479 3143 506 3194 et
536 3135 630 3196 marris
661 3129 780 3196 solidas
809 3128 988 3215 eCarystio
1018 3141 1072 3194 cat
1099 3127 1248 3191 maarai.

199 3255 346 3312 mortuus
369 3257 419 3312 est
439 3247 604 3312 Mamurra
629 3270 714 3314 anno
737 3248 854 3326 veeste
875 3256 1031 3312 extremo.
1075 3266 1172 3332 quem
1194 3267 1249 3308 an-

199 3385 276 3428 uum
298 3363 368 3427 eius
391 3361 538 3428 ultimum
555 3361 690 3430 Carolus
704 3363 737 3430 N
740 3363 920 3452 ipperdcius
941 3365 989 3450 (in
1010 3360 1248 3452 prolegomenis

199 3500 284 3568 quae
312 3478 466 3546 Cornelio
495 3477 616 3567 Nepoti
646 3503 731 3545 anno
759 3479 839 3546 1849
862 3503 881 3547 a
902 3503 937 3544 se
967 3479 1054 3544 edito
1082 3477 1249 3574 praemisit

199 3617 231 3682 p.
253 3595 333 3680 xvu)
363 3617 406 3661 cx
433 3593 600 3662 Ciceronis
628 3594 668 3662 sd
692 3597 837 3662 Atticum
859 3595 1068 3685 epistularum
1090 3619 1144 3662 xru
1165 3594 1207 3658 52
1230 3593 1246 3658 1

199 3713 362 3799 sagaciter
377 3711 510 3778 detexit.
552 3711 614 3778 hac
635 3713 721 3777 enim
742 3712 774 3776 in
796 3713 934 3804 epistula
948 3736 1057 3780 mense
1073 3708 1246 3778 Decembri

199 3827 304 3895 medio
333 3829 411 3895 suni
439 3829 555 3906 tersae
585 3829 706 3917 scripta
737 3828 852 3897 Cicero
874 3829 985 3896 Attico
1008 3855 1028 3896 a
1050 3827 1190 3897 Caesare
1211 3848 1247 3891 se
