3002 4490
334 347 385 398 808
707 343 772 396 xm
806 343 855 396 DE
873 343 1015 398 ΟΔΤΟΝΕ

333 509 423 576 lanas
446 530 602 576 annorum
624 507 913 588 uellite-eterra
940 511 1191 594 consideramus,
1220 532 1327 598 neque
1362 514 1393 578 si

334 625 492 694 Catonem
506 625 663 714 pupillum
679 627 855 694 acerbitate
869 633 1051 714 temporum
1066 627 1274 694 Sullanorum
1289 630 1393 716 patri-

332 745 476 810 monium
504 742 648 810 amisisse
679 743 827 808 andimus
852 741 988 828 (Naekii
1018 744 1104 811 enim
1131 767 1165 832 p.
1192 744 1255 812 260
1286 747 1393 834 expli·

334 861 418 926 catio
451 860 513 926 loci
547 859 737 928 Suetoniani
771 860 947 926 contortior
977 870 1026 926 est
1055 883 1151 950 quam
1184 872 1221 929 ut
1252 862 1392 950 probari

332 979 459 1066 possit),
489 999 595 1067 neque
617 977 644 1043 si
665 977 773 1042 Vectii
795 976 993 1060 Philoccmi,
1021 998 1087 1062 quo
1113 978 1270 1064 magistro
1300 977 1391 1046 Cato

334 1119 411 1162 usus
440 1107 507 1181 est,
535 1109 684 1183 tempora
711 1094 1005 1182 circumspicimus,
1038 1094 1140 1161 euerti
1159 1117 1221 1160 nec
1242 1093 1392 1184 denique

334 1213 481 1281 omuibus
503 1212 701 1301 argumentis
729 1213 776 1278 eis
804 1211 936 1298 infringi
962 1221 1070 1299 potest
1098 1212 1216 1300 quibus
1237 1211 1390 1279 Naekins

334 1331 512 1397 sententiae
537 1352 614 1396 snae
643 1331 867 1395 necessitatem
896 1330 1097 1417 conprobare
1126 1328 1250 1396 studuit
1270 1353 1279 1396 ι
1299 1351 1390 1417 qnae

334 1447 520 1516 adcuratius
550 1446 712 1534 explicare
742 1456 774 1512 et
797 1447 931 1534 longum
961 1456 993 1512 et
1015 1469 1035 1512 a
1055 1468 1090 1512 re
1112 1457 1223 1512 nostra
1243 1445 1389 1513 alienum

335 1574 393 1630 est
438 1565 547 1654 itaque
573 1563 651 1629 nihil
681 1564 790 1629 obstat
814 1586 879 1652 quo
904 1565 1009 1630 minus
1038 1563 1195 1630 Catonem
1220 1587 1285 1630 non
1317 1587 1386 1630 unc

335 1690 369 1747 et
395 1681 511 1770 uiginti
541 1682 597 1748 sed
623 1680 773 1747 undecim
803 1680 871 1746 fere
892 1690 1019 1747 tantum
1039 1681 1132 1746 annis
1158 1680 1278 1748 Catulli
1298 1693 1388 1750 aeta-

333 1809 400 1866 tem
421 1799 629 1866 antecessisse
651 1799 898 1881 contendemus,
929 1819 1013 1887 quae
1041 1799 1202 1864 sententia
1230 1821 1268 1864 eo
1294 1799 1387 1886 quod

334 1913 471 1982 Ouidius
494 1917 649 2000 (tristium
671 1939 690 1981 n
711 1917 788 2000 436)
810 1926 885 2004 post
899 1915 1064 1982 Catullum
1080 1914 1218 1984 Oaiuurn
1233 1915 1386 1982 Ticidam

335 2031 522 2097 Memmium
558 2043 763 2099 enumeratos
799 2057 870 2098 curn
905 2031 1012 2100 Cinna
1045 2035 1172 2099 Ansere
1207 2030 1386 2099 Cornificio

335 2147 470 2216 Catonis
497 2149 684 2215 memoriam
714 2150 882 2216 coniunxit
902 2173 969 2216 non
991 2151 1157 2217 refellitur.
1202 2171 1387 2238 quaecum

333 2265 380 2332 ita
401 2266 474 2348 sint,
498 2287 516 2331 e
536 2274 716 2354 temporum
738 2267 863 2334 ratione
882 2268 1003 2334 nullum
1020 2269 1140 2354 petitur
1155 2279 1387 2354 argumentum

334 2384 426 2448 cuins
456 2383 577 2450 auxilio
606 2383 647 2450 ad
669 2382 828 2450 Catonem
859 2385 1107 2472 grammaticum
1130 2382 1294 2451 Catullum
1315 2405 1388 2449 car·

333 2523 408 2566 men
436 2520 490 2566 nvi
522 2501 689 2589 scripsisse
721 2501 834 2589 negari
863 2503 974 2590 possit.
1018 2511 1131 2568 contra
1161 2511 1308 2567 nostrum
1341 2500 1388 2566 de

333 2617 461 2684 homine
482 2641 578 2705 quem
601 2617 747 2686 Catullus
768 2619 802 2683 in
821 2617 961 2685 carmine
979 2619 1034 2684 illo
1051 2617 1221 2685 adlocutus
1236 2627 1286 2685 ast
1301 2616 1389 2684 iudi·

333 2736 420 2799 cium
446 2734 517 2800 aliis
547 2757 676 2824 quoquc
704 2736 765 2801 nisi
796 2735 937 2802 fallimur
967 2735 1147 2806 rationibus
1175 2735 1319 2802 munitur
1350 2747 1390 2802 et

334 2849 527 2918 defenditur.
589 2852 687 2918 modo
734 2853 841 2918 locum
883 2852 1080 2921 Ouidianum
1121 2851 1389 2920 commemoraui-

334 2989 405 3035 mus
425 2990 490 3055 quo
517 2979 633 3056 poetae
661 2971 839 3036 carminum
867 2971 1097 3038 amatoriornm
1127 2981 1160 3037 et
1188 2968 1387 3036 lascinorum

334 3085 443 3152 Latini
466 3096 696 3152 enumerantur
726 3096 759 3152 et
785 3087 848 3154 iem
870 3109 967 3175 supra
994 3111 1024 3174 p.
1045 3087 1108 3153 299
1137 3085 1178 3152 da
1204 3083 1385 3156 Cornificio

334 3201 534 3290 disputantes
556 3225 668 3270 uersus
689 3203 772 3269 duos
795 3226 852 3270 eos
874 3204 1085 3292 excripsimus
1107 3204 1141 3270 in
1159 3204 1276 3294 quibus
1290 3201 1384 3272 Naso

335 3321 432 3385 etiam
468 3320 507 3386 de
540 3319 665 3388 Catone
696 3321 859 3387 iudicauit
908 3320 965 3388 uix
997 3342 1079 3409 opus
1112 3329 1162 3387 est
1192 3321 1384 3388 memoriam

335 3457 486 3502 uersuum
507 3436 634 3504 illorum
655 3438 798 3503 recolere
818 3460 825 3501 :

375 3555 450 3640 quid
467 3554 606 3640 referam
633 3553 770 3631 diuidua,
792 3553 873 3640 quid
892 3555 1023 3620 Meruma’
1041 3577 1175 3633 curruca,
1195 3555 1286 3641 apud
1304 3577 1384 3643 ques

414 3674 503 3736 rebar
522 3672 612 3738 adest
631 3695 741 3738 acmen
761 3671 988 3758 aoma'ru’dusque
1006 3671 1119 3758 pudor,

377 3784 477 3852 Oinoa
496 3811 611 3874 proque
632 3789 680 3854 aa
700 3811 803 3854 eomes
824 3800 868 3854 est
888 3787 1047 3876 Cinnaque
1066 3793 1227 3874 precamur
1247 3789 1353 3854 Anaer

419 3915 446 3968 et
464 3905 529 3969 leue
553 3901 699 3992 Cornifici
712 3927 831 3991 parque
854 3902 981 3970 Ontonia
1001 3927 1086 3990 opaea.
