2954 4492
301 313 350 366 15²
574 309 612 362 Vl
645 309 694 362 DE
711 305 891 364 altumve
906 306 1059 362 namu

300 501 374 544 eum
395 487 432 544 ut
452 475 657 560 Terentiam,
670 497 805 542 uxerem
828 475 1035 558 Maecenatis,
1056 471 1259 560 designaret,
1285 495 1342 540 no·

301 594 396 662 minis
425 593 557 683 quidem
578 593 646 658 eius
670 592 758 681 qued
780 591 835 658 illa
855 591 1028 680 adoptione
1048 600 1147 658 neela
1166 602 1237 660 erat
1255 611 1347 658 men·

300 733 409 778 suram
430 719 583 793 seruaret,
604 709 661 776 sed
676 710 814 776 nominis
827 710 905 776 noui
923 731 1036 775 aenum
1058 709 1099 775 ed
1120 709 1205 776 illius
1226 731 1346 775 nomen

300 828 421 916 gentile
453 826 630 914 genuinum
658 825 859 894 Licinianum
890 835 1044 914 aptaret:
1071 826 1190 892 etenim
1216 826 1346 914 Licym-

300 945 387 1011 niam
409 967 479 1010 eam
501 943 676 1031 edpellauit
698 943 753 1028 (ef.
775 942 965 1010 Buttmanni
987 941 1195 1030 mythologie
1219 942 1307 1028 343).

384 1060 490 1150 Supra
511 1083 584 1126 num
599 1061 741 1126 earmina
756 1082 839 1148 qnae
855 1056 1001 1126 Catullus
1021 1059 1055 1126 in
1069 1058 1202 1126 tuntum
1217 1061 1347 1150 seripait

302 1199 575 1261 enumeraremus,
595 1176 744 1244 carminis
764 1199 843 1243 xxvi
865 1175 950 1242 Furi
967 1175 1080 1242 nauta
1099 1189 1204 1242 watra
1224 1201 1284 1244 aen
1303 1180 1350 1242 ud

300 1299 411 1362 Austri
435 1317 501 1362 non
530 1296 723 1360 inmemores
752 1293 882 1359 fuimus.
923 1291 985 1359 hee
1013 1292 1078 1358 iem
1107 1315 1270 1359 sumamus
1298 1294 1346 1360 in-

299 1413 510 1480 lustrandum.
552 1433 625 1478 eum
639 1411 783 1499 quinque
801 1411 903 1476 selum
918 1409 1067 1478 uersibus
1081 1417 1219 1495 constet,
1240 1419 1347 1478 tntum

300 1532 352 1597 hie
374 1529 542 1596 excribere
562 1529 648 1596 lieet.

500 1697 589 1778 Fert,
610 1695 718 1762 uellem
738 1707 843 1759 unaue
862 1717 922 1759 uon
943 1695 986 1758 ad
1005 1693 1108 1758 metri

494 1812 590 1896 flauas
611 1811 751 1897 oppose‘ln
773 1823 934 1897 estusque
955 1809 1001 1874 ud
1020 1809 1137 1891 fursom'

497 1952 553 1994 nee
574 1934 662 1995 saeui
681 1929 787 1994 boreae
808 1939 862 1993 aut
882 1928 1039 2013 apelletur,

498 2068 602 2111 uuum
624 2047 667 2109 ad
685 2046 774 2110 milia
794 2044 965 2132 qra'rrdees'm
987 2058 1015 2109 et
1035 2046 1203 2110 ducentos:

499 2187 516 2228 o
537 2174 654 2228 uenmm
676 2163 849 2228 horribilem
870 2173 961 2250 utque
978 2163 1166 2248 pestilentem.

383 2346 421 2413 Si
452 2345 599 2412 codicum
630 2346 800 2412 lectionem
828 2359 935 2412 metm
954 2345 988 2410 in
1017 2367 1113 2412 uersu
1142 2347 1345 2435 primosum

302 2462 472 2551 Scaligere
487 2463 696 2530 Hotomanno
716 2463 832 2530 Vossio
848 2463 969 2551 Vulpis
985 2462 1112 2551 siligio
1135 2462 1344 2530 Lachmanno
1456 2445 1457 2468 ³

301 2579 446 2668 Hunptio
468 2580 627 2648 Teuffelie
649 2581 845 2669 probemus,
876 2602 1006 2648 carmen
1036 2582 1099 2646 hoe
1130 2602 1169 2646 eo
1196 2590 1345 2670 tempere

300 2720 365 2786 qno
394 2695 542 2764 Catullus
574 2721 638 2765 non
668 2697 743 2764 dum
773 2721 847 2765 eum
874 2698 973 2764 Furio
1001 2697 1185 2764 inimicitias
1219 2697 1344 2783 inierat,

300 2815 453 2904 seriptum
489 2817 578 2901 (nam
613 2815 653 2882 de
691 2819 755 2884 elio
794 2817 933 2906 quodam
968 2815 1069 2882 Furio
1105 2837 1179 2881 enm
1215 2812 1344 2904 Silligio

301 2932 446 3020 cogitare
468 2942 579 3021 aptum
598 2955 662 2998 non
678 2935 741 3018 eat)
763 2945 881 3000 etcum
896 2932 1105 2999 Hotomanne
1120 2931 1167 2999 itu
1182 2932 1344 3022 expliean-

302 3050 378 3116 dnm
404 3071 474 3116 esse
496 3049 653 3116 uidetur:
675 3074 745 3116 eum
760 3050 888 3134 Flrrs'ue,
909 3056 964 3138 qui
977 3049 1060 3134 ferte
1079 3048 1125 3115 ad
1148 3049 1216 3116 ds'ea
1236 3053 1346 3138 aliquot
1455 3069 1456 3146 l

303 3169 441 3234 tenedum
469 3169 503 3234 sis
531 3167 649 3234 0αωὶὶί
665 3167 770 3232 tullum
796 3169 954 3254 sapietur,
984 3190 1021 3233 er
1049 3190 1082 3232 eo
1102 3172 1265 3255 qrmesueet
1293 3169 1348 3234 eut
1455 3161 1456 3174 ,

301 3296 387 3350 uento
407 3298 435 3350 et
455 3288 533 3352 eust
548 3285 663 3374 planae
691 3297 764 3350 esset
783 3287 940 3371 appensio,
967 3285 1083 3374 festiue
1107 3296 1199 3371 poeta
1218 3309 1259 3350 eu
1279 3309 1344 3351 um-

302 3401 452 3490 biyus‘tute
470 3403 561 3469 uerte·
576 3397 770 3490 ‘opponeret
790 3404 846 3469 συί
863 3403 955 3468 utum
975 3425 1084 3468 sensus
1105 3391 1348 3489 ‘opptqnerandt’

301 3517 411 3595 inerat,
432 3519 532 3584 ἱοοωιι
554 3525 685 3606 captarat
707 3543 746 3585 ee
764 3522 924 3607 respoudit
943 3543 1004 3586 nen
1023 3521 1080 3586 nlls'
1096 3532 1252 3588 uentorum
1273 3531 1343 3586 tem·

300 3637 416 3722 pertatr‘
431 3633 577 3702 obiectum
592 3659 664 3716 esse,
687 3639 743 3702 sed
757 3661 817 3723 pro
838 3643 1002 3704 sedunum
1022 3637 1197 3725 qundecim
1218 3637 1344 3703 marles
1453 3613 1455 3642 ⁴

303 3765 331 3819 et
351 3752 489 3819 ducentis
507 3757 632 3843 piqrreri
648 3755 818 3841 oppositum
839 3777 911 3822 erae.
952 3754 998 3822 ite
1019 3755 1255 3822 Hotomannus.
1292 3755 1343 3821 eui

304 3868 512 3958 explicationi
542 3870 597 3957 qui
625 3882 793 3959 opponunt
814 3871 977 3940 Catullum
1005 3871 1073 3940 sine
1100 3871 1198 3938 dubie
1221 3873 1343 3960 pudere
