2970 4484
331 337 404 392 vm*
430 337 479 390 ΠΒ
495 335 618 392 ΠΟΒΊΈ
634 337 783 392 BBA'I'BlB
800 337 955 392 cnuvm
1122 343 1170 392 lta

114 506 305 594 profectum
322 527 403 587 esse,
424 503 553 593 qnando
571 503 701 593 quidem
716 504 800 592 apud
817 505 999 572 Rhoeteum
1021 528 1170 593 promun-

113 622 241 690 turium
265 621 323 706 (cf.
346 621 451 686 val
474 631 508 687 et
528 629 642 687 uxvrrl’
661 622 704 686 90
725 631 759 687 et
779 623 967 710 sequentes)
987 624 1021 689 in
1032 623 1170 706 Troade,

113 747 209 804 terra
238 737 413 825 Bithyniae
443 736 539 804 ualde
571 737 696 820 uicina,
728 737 781 804 ille
808 738 953 825 sepultus
975 747 1024 804 est
1044 761 1052 802 :
1072 737 1171 804 nihilo

114 855 229 921 minus
238 865 348 922 mman
360 853 438 920 illud
448 855 653 921 falaissimum
665 864 724 936 est,
747 853 834 944 quod
846 855 969 942 priores
980 877 1093 922 uersus
1105 878 1172 923 aar·

114 972 218 1038 minis
232 989 264 1038 cr
279 970 359 1038 satis
373 993 534 1060 superque
549 971 779 1038 demonstrant.
812 993 951 1059 namque
966 992 1031 1058 qua
1045 972 1171 1039 ratione

115 1084 287 1170 Catullus,
313 1086 340 1153 si
368 1109 443 1152 eum
469 1087 502 1154 iu
529 1087 643 1154 itinere
666 1086 840 1174 Bithynico
867 1087 969 1154 frater
999 1087 1170 1154 comitatus

115 1215 207 1270 esset
228 1213 260 1269 et
280 1203 306 1270 si
327 1203 374 1288 is,
405 1225 469 1290 quc
496 1213 643 1292 tempore
668 1204 809 1271 fratrum
836 1225 896 1291 par
922 1203 956 1268 in
981 1203 1169 1289 Bithyniam

116 1319 258 1386 tetendit
278 1318 332 1385 uel
354 1341 420 1408 quo
441 1318 530 1385 illinc
550 1318 663 1400 rediit,
689 1327 758 1385 tum
780 1329 928 1386 mortuus
948 1330 1047 1403 esset,
1068 1343 1169 1409 propo

116 1435 245 1520 fratris,
282 1457 379 1524 quem
399 1433 590 1502 morientem
612 1435 763 1520 uidisset,
795 1436 954 1502 tumulum
975 1435 1009 1502 in
1030 1437 1169 1503 Troadis

117 1553 224 1620 litore·
247 1561 430 1619 extremum
460 1560 549 1618 stans
577 1551 684 1618 dicere
712 1551 872 1640 potuisset
899 1575 933 1618 se
962 1552 1079 1619 multas
1110 1577 1170 1642 per

117 1680 237 1756 gentas
258 1679 291 1736 et
310 1668 413 1736 multa
432 1690 493 1757 per
512 1689 654 1756 aequora
680 1678 810 1735 uectum
838 1667 880 1735 ad
906 1668 1038 1735 inferias
1058 1671 1169 1736 fratris

117 1783 282 1852 uenisse?
346 1785 475 1872 quando
519 1785 649 1874 quidem
698 1808 811 1852 sensus
853 1806 1004 1850 uersuum
1042 1785 1168 1851 illorum

117 1903 309 1970 manifestus
330 1899 383 1969 hic
406 1912 455 1971 est
475 1927 483 1969 ε
504 1897 631 1970 ‘multos
658 1925 716 1992 per
743 1895 905 1991 populos‘‚
933 1901 1038 1990 inquit
1059 1901 1168 1970 Getul-

117 2021 170 2086 lus
182 2069 192 2102 ,
224 2013 269 2084 ‘et
298 2020 400 2084 multa
430 2041 488 2108 per
521 2021 624 2086 maria
658 2019 735 2086 mihi
770 2019 909 2084 eundum
943 2019 1023 2103 fuit,
1065 2019 1169 2086 donec

115 2135 228 2203 fratris
248 2137 408 2202 tumulum
425 2136 555 2204 tandem
577 2134 752 2224 aliquando
774 2136 878 2201 uisere
899 2145 932 2200 et
952 2137 1050 2224 capiti
1072 2138 1168 2204 caris·

116 2253 202 2320 simo
224 2251 354 2320 inferias
380 2253 550 2320 instituere
570 2243 679 2340 potui’.
721 2252 929 2318 haecomnia
949 2261 1018 2318 tum
1040 2253 1169 2319 demum

115 2391 249 2436 sensum
270 2392 384 2436 sanum
404 2369 578 2457 praebent,
609 2377 644 2434 ut
672 2367 778 2457 quiuis
798 2367 870 2435 ilico
891 2367 1110 2456 persentiscit,
1141 2368 1168 2433 si

114 2484 239 2553 Catulli
262 2484 362 2552 frater
382 2485 550 2574 eliquanto
571 2494 648 2551 ante
667 2483 729 2550 iter
744 2483 954 2571 Bithynicum
974 2495 1007 2550 et
1027 2507 1047 2550 a
1068 2485 1168 2551 fratre

113 2603 217 2689 longe
242 2603 359 2668 absens
386 2611 534 2668 mortuus
563 2622 634 2667 esse
655 2600 806 2666 creditur.
850 2601 935 2666 unde
956 2600 1048 2667 uides
1070 2623 1167 2689 quam

113 2717 229 2806 inepta
256 2716 387 2785 illorum
418 2717 460 2783 sit
489 2717 649 2784 sententia
669 2717 710 2783 de
731 2715 839 2783 fratris
860 2715 894 2782 in
915 2716 1030 2783 itin'are
1053 2715 1168 2804 Bithy·

113 2833 192 2902 nico
207 2833 336 2902 Catullo
356 2843 526 2923 praesente
546 2843 651 2900 morte
666 2855 673 2897 :
687 2855 749 2898 nec
763 2833 896 2900 meliora
910 2844 984 2900 sunt
998 2832 1166 2900 Parthenii

114 2951 159 3017 de
180 2950 374 3038 cenotaphio
395 2951 544 3017 manibus
558 2949 709 3016 fraternis
724 2973 743 3016 a
758 2948 887 3016 Catullo
909 2948 942 3014 in
960 2949 1066 3037 patria
1079 2960 1167 3018 terra

114 3068 294 3134 constituto
317 3077 518 3149 commenta,
547 3087 630 3154 quae
651 3065 794 3132 restitere
816 3066 1020 3153 supersedeo.

199 3184 251 3252 En
281 3205 365 3271 quse
392 3203 433 3248 cx
457 3182 526 3249 solo
553 3181 695 3247 carmine
716 3200 746 3248 cr
767 3181 929 3247 effecimus
936 3230 946 3266 ‚
979 3181 1082 3248 tribus
1103 3183 1167 3249 illis

112 3299 195 3369 locis
209 3301 244 3368 in
259 3299 377 3388 quibua
390 3299 498 3365 frenis
513 3298 662 3366 Catullus
677 3307 847 3387 praeterea
859 3299 1058 3365 mentionem
1080 3299 1166 3384 fecit,

112 3417 230 3484 utiam
245 3415 467 3496 iudicauimus,
484 3415 716 3482 confirmantur
732 3424 765 3480 et
782 3414 891 3502 paullo
906 3414 1092 3481 adcuratius
1107 3414 1165 3482 cir·

113 3532 383 3600 cumscribuutur.
427 3543 524 3620 atque
552 3531 592 3598 de
612 3531 747 3598 duorum
770 3531 902 3620 quidem
922 3532 1067 3598 locorum
1088 3541 1165 3599 tem·

112 3671 192 3739 pore
210 3671 311 3739 supra
336 3669 376 3715 ea
401 3647 442 3714 de
467 3671 583 3716 caussa
604 3649 669 3714 iam
693 3646 845 3732 diximus,
867 3647 943 3737 quia
964 3648 998 3716 iu
1019 3649 1165 3717 carmini-

112 3768 172 3835 bus
199 3767 241 3835 sd
276 3765 433 3834 Lesbiam
463 3764 702 3853 spectantibus,
731 3787 815 3852 quse
848 3766 913 3832 iam
942 3765 1164 3849 tractauimus,

111 3883 326 3974 mperiumur.
370 3880 501 3950 struthi
522 3881 804 3948 uvanto-100
831 3893 864 3950 et
891 3897 1007 4044 ιῖζιιι·
1030 3881 1163 3948 19-26.

895 3985 910 4045 l
