3002 4490
445 315 522 372 mn
556 317 604 370 DE
622 317 778 373 (lfflssNE
797 317 927 370 xxxntt
1169 317 1220 370 000

168 483 303 573 mythol.
325 483 420 550 Rom.
442 506 473 571 p.
495 483 571 566 735)
593 485 717 571 positae
739 493 840 550 erant.
883 481 941 548 sed
962 505 1016 549 ara
1037 481 1132 569 plane
1152 482 1221 548 exi·

168 603 233 668 mia
252 623 335 688 qna,
363 611 397 667 et
417 601 444 666 si
466 611 568 667 tetum
591 611 625 668 et
645 602 671 667 si
694 600 822 688 singola
843 599 1044 681 consideras,
1065 599 1128 664 hoe
1149 621 1217 666 aer·

168 739 243 784 men
274 718 407 786 excellit
436 740 496 784 nos
526 739 593 784 non
626 717 702 784 sinit
732 715 881 786 dubitare
909 715 986 803 quin
1009 713 1156 786 Catullus
1185 715 1217 782 id

167 833 281 902 feeerit
324 834 416 901 annis
456 843 489 901 et
523 857 583 900 usu
618 834 884 921 experientiaque
919 835 1027 920 poesie
1062 841 1217 900 maturos.

169 973 275 1042 nequa
301 950 398 1019 aliter
425 950 465 1018 de
495 951 644 1017 carminis
666 970 735 1017 uxta
756 950 864 1016 iudiee
885 959 1040 1039 tempore.
1083 951 1163 1016 haee
1191 949 1217 1016 si

169 1089 248 1135 uera
269 1077 362 1151 sunt,
392 1065 557 1134 Catullum
586 1067 736 1155 adparet,
759 1089 830 1134 eum
853 1089 939 1134 sune
961 1065 1079 1144 teolet
1098 1065 1217 1132 librum

168 1205 261 1251 auum
299 1183 430 1267 ederet,
483 1183 586 1272 prims
629 1193 662 1251 et
696 1183 791 1250 rudia
824 1183 985 1265 earmina,
1033 1205 1117 1272 queo
1152 1205 1217 1248 non

167 1303 244 1367 dum
285 1301 363 1368 satis
399 1299 594 1367 exereitstus
614 1299 670 1367 'ex
706 1299 842 1368 Graecis
877 1299 1110 1388 expressisset,
1151 1321 1216 1366 nen

167 1417 353 1500 admisisse,
390 1418 448 1485 sed
482 1439 587 1505 psuea
617 1426 743 1483 tentum
773 1425 924 1507 poemata
958 1417 1096 1496 selecta,
1132 1437 1216 1502 quae

167 1543 270 1598 artem
297 1531 475 1620 perfectam
503 1543 716 1614 testarentur,
744 1533 914 1620 recepisse.
958 1541 1058 1601 restat
1086 1543 1124 1600 ut
1151 1554 1215 1600 nou

164 1647 255 1716 nulla
296 1649 336 1715 de
379 1648 521 1716 earmina
563 1671 675 1714 xxxun
715 1649 829 1715 dicam.
895 1649 982 1737 quod
1024 1670 1154 1716 wmeu
1196 1671 1216 1716 a

166 1763 335 1852 Sealigsre
367 1787 452 1832 anne
481 1764 595 1842 tevit
629 1775 662 1832 et
695 1787 715 1830 a
745 1765 862 1832 Vossio
893 1765 1069 1850 (obseruat.
1105 1765 1214 1852 p81)

164 1904 251 1950 anno
276 1880 394 1960 700154
419 1883 472 1948 uel
494 1882 610 1958 testea
636 1883 826 1948 attributum
855 1879 929 1948 olim
959 1881 1130 1949 salsissime
1155 1904 1214 1968 pro

165 1997 322 2064 saeoulsri
343 1997 489 2066 habitum
515 2019 585 2064 esse
606 1999 670 2064 iam
691 1998 825 2086 pridem,
846 2009 882 2066 ut
903 2021 1001 2086 snpra
1020 2021 1052 2087 p.
1073 1999 1115 2064 34
1135 1998 1213 2082 dixi,

165 2113 330 2201 oegnitum
351 2125 409 2181 est.
452 2135 549 2201 qnam
570 2115 613 2180 ob
634 2135 702 2180 rem
724 2113 833 2180 mirari
855 2115 932 2180 lieet
952 2113 1041 2202 quod
1058 2115 1112 2180 uel
1125 2115 1213 2182 Prel-

164 2229 251 2296 lems
283 2229 432 2318 (mythol.
461 2230 555 2297 Rom.
578 2253 609 2318 p.
631 2231 712 2312 284,
733 2231 769 2316 2)
802 2252 931 2297 earmen
963 2231 1128 2298 saeoulsre
1159 2231 1213 2298 ed·
1253 2319 1257 2328 1

165 2347 410 2434 pellsrsneluit.
439 2346 536 2414 stiam
545 2347 851 2436 Marquardtiua(de
861 2349 963 2436 antiq.
977 2348 1071 2414 Rom.
1083 2369 1124 2414 uu
1135 2347 1212 2434 340)

164 2461 257 2540 illud,
278 2463 338 2530 etsi
358 2464 522 2531 saeoulere
543 2485 609 2531 non
632 2463 821 2547 nominauit,
842 2473 951 2531 mmen
973 2486 1032 2552 pro
1055 2464 1212 2532 saeeulsri

164 2580 316 2648 menuae
337 2581 474 2646 uidetur.
517 2589 608 2647 extat
621 2591 730 2648 autem
744 2579 777 2646 in
792 2579 934 2646 earmina
955 2579 995 2647 de
1018 2601 1082 2669 qno
1105 2579 1213 2669 dispu-

161 2707 269 2764 tamus
289 2717 331 2762 ne
345 2694 477 2764 minima
492 2695 622 2784 quidem
641 2697 759 2764 sseeuli
774 2698 828 2763 uel
842 2717 1007 2764 saeuorum
1022 2697 1213 2766 luderemus

161 2811 377 2880 meeulerinm
411 2813 684 2880 commemoratio.
741 2823 839 2901 poeta
868 2833 987 2900 pueros
1022 2813 1213 2902 puellasque

161 2929 323 3012 Dianam,
358 2927 456 2994 filiam
487 2929 577 2994 Iouis
605 2937 638 2994 et
665 2927 830 3007 Latonae,
862 2927 1025 2995 dominam
1056 2931 1211 2996 montium

162 3046 318 3112 siluarum
338 3046 531 3125 fluuiorum,
553 3065 783 3132 puerperarum
804 3045 1010 3129 adiutricem,
1032 3044 1212 3133 praesidem

162 3160 267 3229 noetis
295 3162 392 3230 lunae
420 3162 605 3243 stellarum,
641 3161 814 3228 fertilitatis
843 3185 995 3250 agrorum
1023 3163 1213 3229 ereetriesm

161 3279 363 3367 inplorantes
394 3277 471 3344 lauit
507 3289 544 3344 ut
577 3279 697 3367 popule
734 3279 883 3346 Romano
921 3279 1007 3367 qued
1050 3278 1214 3346 eensnarit

161 3395 303 3482 propitia
332 3393 385 3462 sit.
428 3404 597 3482 praeterea
626 3394 706 3462 nihil
736 3395 770 3460 iu
799 3397 941 3463 earmina
969 3395 1062 3463 inest.
1103 3405 1213 3462 tamen

161 3510 315 3578 carminis
345 3512 565 3599 conpositione
594 3511 767 3578 edeeemur
794 3521 924 3598 poetam
954 3513 1062 3580 eantui
1084 3511 1213 3602 publiea

162 3649 183 3692 a
206 3629 314 3714 pueris
336 3629 513 3717 puellisque
527 3628 561 3696 in
575 3629 730 3696 honorem
745 3629 872 3696 Dianae
893 3629 1039 3696 faciende
1059 3629 1092 3697 id
1114 3628 1211 3696 desti-

161 3765 270 3812 nasse.
313 3767 371 3830 pro
392 3745 466 3812 lusn
487 3745 627 3834 quedam
649 3747 779 3834 poetico
801 3747 870 3812 siue
891 3746 1045 3814 exercitio
1063 3755 1100 3812 ut
1119 3745 1212 3814 aium

159 3860 324 3928 facultatis
357 3861 504 3948 poetioae
534 3861 637 3928 libare
665 3861 813 3950 equidem
844 3885 977 4026 00ωὲιέ
1005 3863 1125 3930 habere
1145 3884 1211 3928 nen

992 3965 1009 4003 10
