2970 4484
440 333 465 385 Χ
499 333 547 385 DE
564 331 744 386 vaurme
760 333 807 384 ΕΤ
823 327 986 384 FABVLLO
1186 329 1237 382 Μ

190 502 223 568 in
248 499 470 568 Macedoniam
499 500 603 565 secuti
632 509 665 565 et
691 499 777 565 hune
797 491 993 566 ‘unlmrium’
1014 497 1070 582 (cf.
1092 496 1125 563 in
1152 494 1240 562 Piso·

190 641 265 684 nem
288 619 327 684 16
348 617 404 701 38)
436 617 468 682 in
501 615 669 704 prouincia
701 614 875 703 expilands
905 624 938 679 et
969 611 1149 702 diripienda
1178 635 1239 702 pre

189 735 275 800 virili
305 745 396 822 purte
426 733 632 814 adiuuersnt,
668 733 700 798 id
731 731 817 821 quod
847 729 995 799 Catullus
1023 731 1131 798 uerbis
1158 735 1240 798 duae

190 857 332 918 masam
345 851 487 932 Pisonis,
502 851 621 916 amous
637 849 798 936 famesque
811 849 920 914 madi
930 847 1148 936 reprehendit.
1183 849 1239 936 qui

190 967 338 1034 hemines
365 967 413 1034 illi
440 967 561 1033 fuerint
581 966 752 1034 nescimus.
794 964 995 1032 Socrationis
1024 964 1153 1052 quidem
1183 987 1239 1032 no·

191 1107 264 1152 men
290 1093 339 1151 cst
361 1083 524 1152 Graecum
554 1105 660 1170 neque
688 1083 844 1150 habemus
871 1103 928 1149 eur
956 1081 1116 1149 hominem
1141 1081 1238 1148 etism

190 1203 321 1268 natione
350 1199 514 1268 Graecum
542 1200 642 1266 fuisse
669 1219 835 1286 negemus.
878 1198 1026 1266 Muretus
1055 1197 1096 1264 de
1121 1199 1238 1267 liberto

190 1319 300 1408 aliquo
321 1317 489 1406 cogitauit.
530 1317 592 1382 hoc
613 1337 713 1382 unum
733 1326 857 1382 certum
879 1325 929 1384 est
948 1338 1066 1383 nomen
1088 1338 1147 1404 pro
1161 1315 1238 1384 floro

189 1435 300 1502 haberi
328 1456 394 1501 non
414 1457 510 1522 posse
532 1457 540 1498 ε
560 1455 667 1522 nsque
691 1433 869 1500 errabimus
896 1443 991 1522 puto,
1020 1434 1048 1499 si
1075 1431 1239 1501 Socratio-

188 1573 263 1618 ncm
284 1553 369 1616 inter
389 1573 445 1618 eos
468 1549 646 1617 Graeculos
667 1550 899 1633 rettulerimus,
926 1573 1064 1639 quorum
1087 1572 1239 1616 commer-

189 1668 239 1734 cio
269 1679 301 1734 et
321 1667 552 1736 consuetudine
573 1665 725 1762 Pisonem
754 1689 850 1752 quam
879 1666 1018 1733 maxime
1044 1667 1238 1734 delectorum

188 1807 259 1852 esse
282 1784 399 1852 Cicero
427 1784 555 1873 saepius
582 1786 746 1867 narrauit,
773 1783 814 1850 cf.
836 1784 870 1850 in
890 1783 1044 1850 Pisonem
1066 1785 1106 1849 10
1126 1784 1169 1849 22
1188 1785 1238 1851 iic

187 1915 287 1968 aedem
312 1925 371 1966 aaa
399 1915 462 1967 tam
488 1907 653 1968 conminutas
678 1901 763 1966 hebo
792 1924 847 1966 nac
876 1913 940 1966 tam
960 1903 1096 1968 masccus
1117 1901 1239 1968 siccabat

189 2020 222 2083 r'a
253 2041 380 2083 aarum
411 2019 603 2083 Graecarum
633 2021 747 2092 foetore
776 2029 864 2104 alque
892 2018 975 2082 uc'uc.
1026 2017 1067 2083 36
1097 2019 1138 2084 89
1169 2043 1237 2084 cum

187 2147 357 2200 mutauere
375 2137 433 2199 asir
452 2157 562 2220 passas
584 2157 753 2200 maerorem
774 2148 859 2199 raam
884 2135 1078 2221 doloremque
1096 2139 1237 2202 decessio

159 2257 246 2334 ἠὼ,
271 2249 515 2316 &massadam
536 2265 563 2316 tc
581 2257 725 2336 pruinam,
746 2265 817 2337 post
836 2251 912 2318 s'ade
935 2253 1065 2318 Tarsam
1088 2275 1154 2318 cum
1174 2255 1238 2320 ruis

186 2369 299 2434 cenea
327 2368 526 2433 saltatoribus
554 2379 582 2431 ct
607 2391 673 2432 cum
702 2369 851 2434 Araehula
879 2369 1063 2434 Athamante
1096 2371 1237 2452 Raecio,

164 2523 167 2530 ·
186 2486 338 2570 formas&
356 2483 529 2566 fratribus,
555 2485 716 2550 conaturi.
759 2484 799 2550 27
821 2485 860 2550 67
885 2487 1008 2550 Graeci
1025 2490 1129 2572 stipati
1147 2488 1241 2572 quini

186 2603 221 2666 sir
249 2603 370 2683 leceris,
398 2625 490 2688 saepe
516 2603 635 2687 pbrrer,
658 2603 725 2687 ipse
752 2603 841 2668 solus.
891 2603 923 2668 in
952 2602 1063 2689 primis
1094 2601 1236 2668 eiusdem

187 2717 344 2784 orationis
366 2731 464 2807 eaput
484 2718 525 2782 28
546 2717 794 2801 conferendum,
824 2719 910 2806 qued
940 2717 981 2784 de
1008 2717 1135 2784 Pisonis
1163 2742 1237 2786 eum

188 2835 376 2902 Philodeme
408 2833 581 2919 Gadara,
609 2835 800 2922 philosopho
830 2835 1015 2923 Epicureo,
1045 2839 1237 2905 commercio

187 2963 246 3018 est.
287 2951 379 3018 uides
408 2975 504 3040 quam
531 2953 642 3039 pulcre
672 2953 780 3020 omnia
804 2953 844 3019 ad
867 2953 1183 3041 Martyni-Lagunae
1204 2965 1237 3022 et

176 3043 434 3157 'Iungelsusseni
456 3070 647 3144 sententiam
670 3070 931 3158 conprehendam
954 3073 1148 3160 conspirent.

270 3185 404 3254 Certum
430 3186 531 3274 igitur
560 3187 715 3254 habemus
743 3187 884 3256 cumina
912 3210 977 3255 mur
1002 3199 1034 3253 et
1054 3211 1125 3273 xus,
1147 3187 1174 3254 si
1195 3189 1235 3256 de

186 3315 332 3391 tempore
347 3305 523 3392 quaeritur,
545 3328 565 3370 a
580 3307 721 3372 carmine
735 3329 836 3372 xxvrrr
859 3317 891 3372 et
905 3329 1041 3374 xxxxvn
1057 3307 1237 3394 separanda

187 3430 221 3485 et
246 3420 302 3486 ilia
331 3420 460 3509 quidem
492 3432 640 3510 tempore
669 3445 734 3512 quo
764 3421 883 3500 Catulli
911 3434 944 3489 et
971 3424 1112 3490 Lesbiae
1145 3447 1236 3490 amor

186 3537 282 3602 etiarn
308 3547 378 3603 tum
406 3539 533 3620 floruit,
561 3539 642 3606 hsec
663 3551 737 3628 post
758 3541 820 3607 iter
839 3539 1049 3630 Bithynicum
1069 3541 1236 3630 conposita

187 3677 275 3722 esse:
289 3654 406 3722 deinde
417 3658 561 3723 carmina
575 3661 640 3722 vriu
656 3667 689 3724 st
702 3665 755 3724 xui
768 3657 928 3724 Catullum
942 3657 1052 3725 amicis
1067 3659 1108 3726 sb
1120 3659 1235 3747 Hispo·

186 3771 241 3838 nia
268 3773 301 3837 in
330 3771 458 3838 Itslism
487 3774 640 3854 reuersis,
674 3774 731 3840 sed
765 3797 894 3842 carmen
924 3799 1023 3844 xxvur
1053 3777 1164 3844 amieis
1192 3797 1235 3842 ex

186 3885 388 3972 Macedonis,
409 3890 465 3956 ubi
488 3913 560 3956 eum
575 3891 695 3957 Pisone
710 3915 769 3980 pro
785 3893 916 3960 consule
935 3894 1081 3975 fuissent,
1101 3893 1233 3961 redeun-
