2954 4492
408 353 459 406 vn
493 353 542 406 DE
558 351 702 406 multitu
720 351 912 406 BITHYNIOO
1134 353 1183 404 let

140 519 259 587 citaris
278 519 502 602 uocabantur,
528 527 619 584 tanta
641 517 835 586 liberalitate
856 539 875 583 a
896 518 1015 606 populo
1038 517 1186 584 Romano

140 635 390 704 decernerentur
411 644 448 702 ut
470 634 575 700 uictus
601 632 809 701 necessitates
823 633 1071 719 magistratuum
1085 634 1186 700 multo

141 753 373 839 egrederentur
393 751 451 838 (cf.
467 750 710 838 Marquardtius
731 750 772 816 de
794 749 974 838 antiquitat
997 749 1091 816 Rom.
1115 771 1144 814 ιιι
1166 753 1187 816 2

141 869 207 951 ὃὸ).
248 867 367 934 deinde
392 888 472 933 nero
498 867 583 933 inter
610 889 722 934 omnes
751 876 878 934 constat
903 867 1134 953 proconsulum
1154 876 1187 933 et

140 994 386 1074 propr-aetorum
426 983 494 1050 iere
533 1004 633 1050 unum
666 1004 828 1072 quemque
866 981 1064 1070 prouincias,
1106 1004 1186 1071 quas

140 1101 248 1189 adepti
270 1109 374 1183 erant,
396 1099 544 1168 omnibus
563 1099 743 1166 rationibus
764 1101 818 1166 uel
832 1099 1025 1188 turpissimis
1045 1098 1187 1166 artificiis

140 1215 292 1283 adhibitis
323 1217 468 1304 expilare
500 1226 533 1282 et
564 1215 702 1304 diripere
740 1216 957 1283 consueuisse.
1007 1215 1094 1305 quod
1121 1238 1186 1282 nou

139 1332 246 1400 solum
263 1335 297 1400 in
319 1355 412 1399 suum
432 1333 576 1420 ipsorum
599 1331 814 1416 commodum,
847 1333 904 1400 sed
927 1334 1034 1417 etiam,
1057 1331 1185 1421 quando

141 1449 272 1539 quidem
293 1450 334 1516 de
355 1448 461 1516 alieno
481 1449 646 1516 liberalem
668 1471 739 1516 esse
760 1449 949 1516 facillimum
970 1461 1034 1534 est,
1056 1453 1090 1516 in
1111 1451 1185 1517 ami-

139 1587 253 1632 corum
272 1587 404 1632 snorum
427 1575 460 1632 et
483 1565 636 1632 comitum
657 1567 795 1652 gratiam
817 1568 1037 1634 exercebant:
1060 1567 1185 1654 quibus,

138 1683 166 1747 si
200 1681 404 1752 incredibiles
433 1704 517 1768 opes
541 1703 562 1746 a
582 1682 826 1769 magistratibus
849 1682 926 1771 ipsis
948 1705 991 1749 ex
1012 1684 1186 1771 prouinciis

137 1799 327 1887 deportatas
346 1800 558 1887 reputaueris,
581 1808 631 1866 sat
651 1821 772 1886 magns
785 1798 1000 1864 emolumenta
1013 1798 1187 1886 contigisse

135 1915 217 1982 nihil
245 1927 295 1982 est
314 1915 395 1982 miri.
438 1915 531 1982 multi
563 1915 596 1982 in
626 1913 793 1983 Ciceronis
815 1915 1015 1982 orationibus
1037 1916 1186 1982 Verriuis
1264 1992 1270 2004 ,

136 2031 202 2098 1οοί
222 2031 265 2098 ad
288 2054 340 2098 res
360 2032 419 2100 has
439 2031 659 2099 inlustrandae
680 2033 821 2098 maxime
842 2034 912 2121 apti
935 2045 1026 2114 sunt,
1049 2055 1185 2121 quorum

137 2149 221 2216 duos
234 2147 287 2214 hio
302 2147 427 2216 excribi
443 2150 540 2216 liceat
560 2171 568 2214 z
592 2171 611 2215 ιι
634 2172 652 2214 ιι
677 2150 718 2215 10
737 2149 778 2212 27
800 2155 919 2216 cometes
938 2151 992 2216 illi
1010 2153 1060 2215 tei
1078 2149 1189 2216 delecti

135 2287 252 2332 manae
273 2277 361 2330 erant
381 2277 449 2330 tuae
469 2292 481 2330 .·
495 2266 656 2352 praefecti
672 2267 797 2332 scribae
810 2268 935 2332 adcerrsi
947 2255 1065 2332 medici
1076 2270 1184 2333 baras-

133 2385 230 2469 pices
257 2405 427 2467 wascones
448 2405 556 2448 manus
574 2395 661 2448 erant
681 2395 750 2448 triae
769 2409 781 2448 .·
801 2395 836 2448 at
854 2385 983 2470 quosque
1006 2396 1034 2448 te
1053 2385 1187 2449 maxims

136 2501 323 2588 eopnatione
349 2498 505 2582 adfinitate
537 2499 765 2566 necessitudine
792 2499 902 2586 alt'qw
929 2499 1106 2586 erepebat,
1141 2503 1187 2566 ita

135 2615 278 2684 mima
306 2639 419 2682 manas
440 2628 493 2681 tua
509 2616 678 2702 putabatur
698 2641 709 2682 .·
731 2620 836 2683 cobors
858 2628 919 2682 tom
939 2630 991 2681 tea
1012 2617 1080 2700 alla,
1109 2639 1187 2704 quas

133 2735 205 2820 plus
226 2731 309 2798 mali
325 2732 453 2800 Meae
474 2731 561 2798 desid
589 2755 680 2820 φιαιιι
701 2735 735 2798 si
753 2745 868 2799 aenmm
889 2737 1022 2799 cobortes
1040 2733 1187 2820 sirpits'ao

137 2872 207 2914 ram
228 2847 386 2932 fisaisent,
406 2861 460 2914 trra
481 2871 588 2916 manas
609 2851 675 2916 seire
696 2852 906 2916 connoasrsia
927 2850 996 2935 froia
1039 2850 1189 2937 quidquid

136 2965 179 3031 ab
200 2965 306 3030 Ιιοηιιιι
324 2967 472 3052 preopiam
492 2979 616 3052 ceptam
644 2979 701 3048 est,
733 2966 769 3032 id
794 2989 855 3032 nan
882 2965 973 3033 modo
1000 2967 1061 3032 tibi
1083 2969 1187 3032 dmum

137 3081 197 3148 sed
221 3093 277 3147 tua
303 3105 397 3148 aranu
423 3095 613 3148 numeratum
649 3085 781 3148 indr'casi
807 3105 934 3149 necesse
960 3095 1010 3148 est.
1058 3105 1130 3148 nam
1160 3087 1190 3148 si

136 3199 221 3264 bane
242 3195 451 3282 defensionem
470 3198 644 3284 probabilia
664 3191 734 3264 ‘nan
754 3203 870 3284 aceepit
890 3187 978 3284 ipsi,
1000 3198 1066 3264 lieet
1084 3200 1187 3264 omneis

136 3317 176 3380 de
193 3314 341 3402 pecunias
360 3315 535 3399 repetundis
565 3313 685 3380 aaran
714 3315 824 3381 tabulas
844 3362 852 3379 .
874 3364 883 3380 .
907 3361 915 3379 .
940 3362 948 3381 .
970 3317 1092 3397 redte,
1120 3337 1187 3380 cam

137 3443 165 3498 et
185 3445 254 3498 troas
281 3431 395 3496 amabor
415 3436 447 3497 s'n
464 3432 654 3516 proasnaom
682 3432 774 3518 quasi
801 3433 833 3498 in
857 3434 1006 3518 praedam
1027 3432 1188 3499 incitabas

137 3561 166 3616 st
189 3571 261 3616 eam
283 3549 328 3615 eis
341 3570 452 3634 asper
473 3570 524 3614 ms
543 3546 744 3633 praedabare
765 3559 793 3612 et
812 3571 863 3613 ees
883 3549 917 3613 in
933 3554 1065 3614 condona
1085 3551 1188 3616 anulis

136 3667 247 3733 aurosis
268 3665 423 3743 danubem
455 3688 516 3732 non
537 3665 691 3732 sameas
712 3665 774 3731 tibi
791 3689 852 3732 nors
873 3666 971 3732 solam
993 3667 1033 3732 de
1050 3667 1114 3732 tais
1134 3665 1189 3731 sed

137 3784 230 3852 αιἀιιι
252 3783 293 3850 de
312 3783 438 3850 ilbmm
458 3788 557 3866 tactis
585 3787 727 3848 ratiomm
751 3806 813 3850 esre
833 3783 1051 3849 reddendam?
1093 3804 1122 3848 ιιι
1143 3781 1186 3847 30
