2920 4492
239 251 275 302 46
383 248 411 300 Π
443 249 493 302 DE
509 247 614 302 snum
632 245 766 302 utrm
782 247 830 302 ΕΤ
846 245 977 298 unum
994 245 1149 298 GA'I'VIM

242 423 346 484 restet
385 424 422 482 ut
455 414 497 483 de
529 414 758 505 probabilitate
800 423 834 484 et
874 414 997 480 esussis
1036 412 1153 480 erroris
1190 411 1290 480 trium

244 553 400 598 ennorum
431 553 526 621 quom
558 531 794 621 Hieronymum
825 529 1023 598 commisisse
1052 553 1112 597 nos
1131 540 1291 618 putsmns,

243 670 347 736 penos
367 648 530 728 sddsmus
573 657 606 715 et
626 671 774 716 osnsssm
796 648 926 738 quidem
953 647 1070 716 erroris
1091 646 1193 714 libere
1216 669 1292 714 oon·

244 764 338 832 fiteor
362 764 396 832 in
416 766 575 854 scriptore
596 765 760 832 erroribus
781 773 846 830 tem
869 764 1011 832 obnoxio
1034 785 1085 829 me
1106 763 1204 830 anxio
1223 784 1292 830 non

246 903 419 971 quaerere,
447 903 641 970 quamquam
663 881 775 947 eodem
795 879 931 947 artifieio
953 880 1040 969 qnod
1061 879 1291 948 Lsobmsnnus

244 997 286 1063 nd
307 997 587 1086 chronographum
608 997 841 1064 emendandum
863 997 1009 1064 edhibuit
1029 998 1076 1063 uti
1097 996 1191 1064 nobis
1212 1018 1291 1086 quo-

244 1135 308 1202 qne
327 1113 361 1180 iu
382 1126 531 1203 promptu
554 1124 611 1180 est.
654 1135 717 1204 sge
737 1115 813 1180 dum
834 1123 1012 1182 statuamus
1033 1113 1109 1181 lieet
1129 1112 1291 1200 Hierony·

243 1253 330 1298 mum
357 1231 395 1297 L.
424 1230 568 1298 Cornelii
595 1231 635 1298 L.
664 1229 745 1296 eL.
767 1255 800 1298 n.
830 1229 956 1299 Oinnoe
987 1232 1156 1298 consulatu
1184 1229 1289 1318 primo

244 1373 272 1416 e.
301 1346 417 1422 667787
451 1356 484 1414 ot
512 1357 628 1436 quarto
664 1371 693 1414 s.
729 1347 846 1427 670784
882 1357 1065 1436 permutato
1100 1347 1134 1412 in
1166 1345 1290 1414 Ostulli

243 1462 336 1532 annis
355 1463 455 1531 netuli
482 1472 515 1529 st
545 1463 635 1530 foteli
665 1462 852 1530 definiendis
873 1463 1003 1531 triennii
1029 1487 1172 1532 errorem
1203 1487 1289 1530 oom-

244 1579 377 1648 misisse.
419 1602 503 1647 suno
526 1582 610 1649 enim
626 1581 742 1659 670l84
756 1579 920 1650 Catullum
941 1593 1053 1649 netum
1073 1590 1107 1649 et
1121 1579 1288 1670 trigesimo

243 1698 359 1764 netntis
373 1719 457 1765 snno
473 1697 590 1777 worm
603 1707 765 1766 mortuum
780 1721 862 1766 esse.
903 1720 989 1788 quse
1002 1700 1162 1766 sententis
1182 1708 1290 1766 aetste

243 1813 380 1883 Lesbios
402 1825 578 1904 oonpursts
609 1817 669 1882 etsi
699 1837 764 1884 non
794 1815 842 1882 ito
872 1817 1007 1882 multum
1036 1815 1290 1895 commendatur,

241 1940 350 1998 temen
371 1954 436 1998 non
457 1954 588 2020 prorsus
607 1931 818 2022 inprobabilis
839 1943 897 2014 est,
919 1929 954 1998 id
971 1932 1059 2021 quod
1080 1933 1165 2000 intro
1184 1955 1293 2002 exem-

243 2049 298 2137 plo
321 2047 499 2116 certissimo
521 2048 822 2118 demonstrabimus.
865 2049 923 2116 sed
936 2059 1045 2118 tumen
1066 2051 1168 2118 multo
1182 2073 1291 2140 prees·

240 2175 291 2234 tsi
318 2189 439 2233 sunum
466 2167 605 2234 nutelem
637 2187 735 2256 quem
763 2165 984 2254 Hieronymus
1012 2166 1167 2234 indiounit
1188 2169 1290 2236 noris

242 2283 357 2348 simum
379 2284 497 2350 dooere
519 2294 553 2351 et
572 2306 714 2382 errorem
735 2283 769 2349 in
790 2284 859 2352 solo
880 2307 965 2351 enno
986 2284 1080 2352 sauli
1100 2283 1146 2352 its
1166 2284 1290 2350 fectum

241 2407 356 2489 putere
383 2410 419 2466 ut
446 2399 667 2490 Hieronymus
694 2423 828 2468 numero
860 2411 1012 2490 corrupto
1045 2401 1184 2491 exempli
1206 2401 1290 2469 Sue·

170 2529 173 2537 ·
239 2517 363 2583 tonisni
386 2516 542 2607 deeeptus
570 2519 775 2606 conputsndo
807 2540 927 2586 annum
955 2518 1086 2586 totalem
1115 2519 1289 2586 odseoutns

241 2632 292 2700 sit.
349 2633 391 2700 ef.
427 2635 468 2702 ds
510 2635 668 2702 similibus
713 2633 905 2723 Hieronymi
948 2634 1110 2702 erroribus
1152 2635 1289 2704 Reiffer-

240 2749 416 2818 soheidium
452 2751 493 2818 ed
527 2751 642 2839 fragm.
676 2753 716 2818 16
748 2775 780 2840 p.
810 2751 850 2818 37
887 2761 921 2818 ot
948 2775 980 2840 p.
1012 2753 1083 2818 385.
1112 2753 1175 2818 386
1217 2752 1289 2820 Bit-

241 2867 397 2934 sehelium
424 2890 474 2957 ep.
507 2868 699 2936 Reifferseb.
720 2893 753 2957 p.
774 2869 847 2938 497.
890 2869 1084 2938 arbitremur
1114 2869 1214 2958 igitur
1243 2867 1288 2936 G.

240 2984 407 3052 Valerium
429 2983 591 3053 Catullum
612 3008 697 3052 enno
718 2985 834 3066 eoiret
857 2995 968 3052 netum
997 2995 1030 3056 et
1060 3007 1147 3052 enno
1169 2985 1288 3064 700164

241 3101 294 3168 nel
315 3103 462 3192 sequenti
482 3112 646 3170 mortuum
667 3125 747 3170 osse.
