2970 4484
274 335 324 382 224
474 327 550 379 vnn
583 327 632 378 DE
649 327 807 380 CAESARE
826 327 872 380 ΕΤ
888 327 1120 380 ΟᾸΕΒΔΒΙΔΝῙΒ

272 497 436 562 uersiculis
457 495 502 560 de
530 494 736 560 Mamurra
760 507 908 582 perpetua
931 495 1075 580 caynam
1095 493 1235 580 eupasia
1256 515 1319 560 nou

273 612 540 698 dissimulaverat)
562 621 595 678 et
615 611 831 700 adpellatione
852 613 942 678 unice
956 613 1120 698 inperator,
1142 611 1319 698 quantiam

270 751 379 795 xxviia
403 733 439 795 ll
463 740 560 818 poeta
581 753 646 796 non
668 729 735 794 sine
762 730 878 795 acerba
902 729 1106 795 cauillatione
1133 749 1210 792 usus
1238 736 1318 810 erat,
1374 747 1378 755 ·

271 847 404 914 adfatim
424 849 590 936 probatur.
632 846 778 913 uidemus
801 846 902 932 igitur
921 843 1085 912 Catullum
1106 866 1234 910 cumen
1256 844 1318 908 hoc

271 973 343 1051 post
365 963 670 1051 undetrigesimum,
698 972 734 1030 ut
755 962 899 1047 uidetur,
928 985 1012 1028 anno
1034 961 1153 1041 699l55
1172 970 1318 1027 extremo

270 1080 444 1168 scripsisse.
485 1083 595 1168 qualia
624 1090 732 1147 antem
754 1092 828 1147 sunt
848 1081 903 1147 illa
925 1080 1043 1168 quibus
1063 1081 1144 1145 iram
1166 1076 1317 1146 Caesaris

269 1219 448 1285 prouocare
490 1208 624 1264 conatur
658 1197 782 1286 poeta?
838 1197 977 1264 Othonis
1017 1196 1118 1284 igitur
1154 1203 1251 1282 caput
1286 1204 1317 1259 et

270 1313 364 1380 Harii
390 1337 483 1380 crura
512 1325 545 1380 et
564 1314 700 1383 Libonis
728 1314 871 1402 peditum
892 1313 1034 1381 inridens
1066 1324 1162 1401 poeta
1183 1310 1316 1379 Caesari

269 1441 302 1498 et
329 1430 454 1497 Fuficio
487 1430 614 1497 cuidam
646 1431 763 1498 obiecit
796 1431 882 1520 quod
915 1453 987 1498 cum
1018 1440 1086 1498 tam
1121 1429 1316 1496 deformibus

268 1549 468 1614 homunculis
495 1549 745 1616 familiaritatem
772 1548 892 1615 habere
913 1549 1043 1616 uellent
1087 1546 1176 1616 Otho
1198 1557 1315 1629 autem,

268 1675 305 1732 ut
325 1667 390 1734 iam
410 1666 548 1754 Vulpius
578 1664 755 1749 intellexit,
787 1676 820 1731 et
847 1665 932 1734 Libo
961 1687 1027 1733 una
1055 1687 1129 1732 cum
1159 1686 1314 1752 ecquem

268 1783 404 1850 Herium
418 1782 654 1850 nominauimus
676 1783 802 1850 cinaedi
821 1785 961 1867 filerunt,
984 1785 1177 1874 quibuscum
1194 1779 1315 1850 Caesar

268 1909 301 1966 et
331 1899 474 1967 Fuficius
507 1923 716 1968 consuescere
748 1901 928 1968 solebant:
959 1901 992 1968 id
1022 1900 1110 1988 quod
1141 1921 1160 1966 e
1190 1900 1312 1967 caussis

267 2017 475 2105 conpluribus
496 2017 615 2104 conligi
636 2026 751 2106 potest.
794 2019 932 2104 primum
957 2041 1031 2085 omn
1059 2017 1230 2087 aOatullo
1257 2014 1312 2082 uni

268 2133 383 2220 cuique
403 2135 502 2200 trium
515 2135 643 2200 illorum
663 2134 829 2201 hominum
844 2136 970 2202 macula
991 2134 1153 2222 quaedam
1174 2155 1311 2222 corpo·

266 2251 321 2317 ris
341 2251 545 2335 attribuatur,
567 2253 607 2318 ad
630 2254 819 2340 eorporis
839 2253 1040 2340 uoluptatem
1054 2251 1216 2342 quandam
1238 2271 1311 2316 oon-

266 2367 468 2434 suetudinem
489 2368 577 2434 illam
597 2368 794 2456 spectanisse
809 2369 879 2436 ueri
893 2369 1088 2437 simillimum
1103 2379 1163 2436 ost.
1194 2366 1312 2434 deinde

265 2483 409 2552 Fuficius
429 2507 488 2573 per
507 2485 645 2552 ironiam
664 2481 775 2554 ‘senex
793 2481 949 2554 recoctus'
968 2487 1157 2576 adpellatur,
1179 2486 1241 2552 hoc
1261 2493 1311 2551 est

265 2625 374 2686 senex,
396 2602 629 2688 mundicam,
651 2605 907 2689 reiunenescens,
929 2607 986 2692 qui
1007 2613 1120 2671 contra
1136 2603 1310 2669 senectutis

264 2718 441 2785 decentiam
469 2743 595 2786 amores
624 2722 782 2790 iuueniles
811 2732 983 2790 sectatur:
1005 2721 1047 2789 cf.
1069 2720 1111 2788 de
1134 2722 1195 2787 hac
1223 2741 1309 2787 reeo-

263 2835 381 2923 qoenrli
401 2859 461 2902 osu
483 2847 611 2925 praeter
633 2837 824 2907 Ciceronem
845 2841 885 2907 de
905 2851 1023 2908 sonent.
1044 2841 1087 2908 23
1107 2841 1148 2906 83
1170 2839 1217 2923 (u.
1236 2837 1308 2905 Vic-

262 2952 336 3020 torii
355 2955 470 3020 uarisr.
492 2955 580 3022 lectt.
601 2979 624 3020 v
645 2957 680 3042 6)
708 2959 878 3026 Valerium
898 2959 1051 3026 Flaccum
1071 2982 1103 3023 vi
1124 2957 1188 3023 444
1209 2955 1309 3036 Quin·

262 3069 408 3136 tilianum
428 3091 469 3136 vu
490 3073 511 3136 6
533 3072 552 3136 'l
573 3073 746 3140 Horatium
762 3085 860 3142 satur.
875 3098 893 3141 ιι
915 3077 937 3140 b
957 3076 999 3141 55
1020 3076 1131 3164 (quem
1146 3075 1186 3140 ad
1201 3074 1306 3139 locum

261 3186 336 3254 uide
358 3209 442 3277 quae
463 3187 640 3256 Teuffelius
662 3211 694 3277 p.
718 3192 777 3256 136
798 3191 982 3278 aduolauit)
1008 3191 1042 3258 in
1063 3191 1174 3278 primis
1194 3190 1307 3258 Petro·

260 3303 347 3370 nium
370 3304 455 3393 apud
477 3305 666 3373 Diomedem
689 3309 733 3392 (ιιι
755 3331 786 3396 p.
805 3309 882 3392 517)

558 3499 637 3541 anus
657 3488 775 3541 recocta
795 3477 871 3542 uino

557 3593 754 3659 trementibus
775 3593 903 3659 labellis.

258 3793 355 3860 quam
376 3774 540 3840 mulierem
563 3798 672 3842 senem
693 3776 787 3844 sicuti
809 3779 935 3859 uinum,
962 3779 1008 3844 ita
1034 3800 1125 3845 amor
1145 3777 1303 3846 Fuficium

257 3892 393 3958 recoxit.
436 3893 576 3982 denique
597 3894 630 3959 id
652 3916 783 3984 quoque
803 3895 939 3963 alicuius
955 3898 1111 3964 momenti
1131 3897 1193 3965 hac
1214 3898 1248 3964 in
1268 3917 1302 3962 re
