2954 4492
275 349 326 400 tro
569 345 593 397 V
626 345 675 398 DE
691 343 871 400 Antoninus
889 345 1044 400 cervum

266 513 315 580 irs
347 512 630 580 uehementissime
660 511 821 580 exardens
852 513 887 579 in
919 513 1005 580 illam
1039 535 1169 581 carmen
1199 535 1315 580 xxxxii

267 631 381 696 Adesto
401 629 654 715 hendecasyllabi
671 643 743 718 quot
762 630 838 696 estis
858 627 1004 718 scripsit,
1031 651 1095 720 quo
1117 630 1262 698 acerbius
1281 629 1314 696 in

271 745 418 814 Clodiam
454 747 609 834 scriptum
642 747 677 812 in
714 746 796 815 libro
831 746 1015 814 Catulliano
1057 771 1122 814 non
1162 747 1314 836 reperias

269 864 377 952 poullo
399 871 514 952 postea
545 883 641 949 quam
670 863 775 930 auimo
803 864 988 931 uehementi
1011 875 1042 930 et
1062 863 1144 930 irato
1167 863 1315 932 Catullus

272 1001 401 1048 carmon
421 1002 537 1046 xxxxu
559 980 696 1068 scripsit,
717 989 814 1068 poeta
835 982 978 1046 carmine
1000 992 1114 1048 octsuo
1136 981 1237 1048 Miser
1259 981 1314 1048 cc

270 1098 340 1165 uto
361 1097 491 1166 desines
511 1099 643 1184 ineptire
662 1097 789 1185 puellae
810 1097 965 1166 unledioit
986 1098 1106 1177 sedete,
1136 1097 1192 1165 sed
1214 1099 1259 1165 ita
1280 1108 1316 1165 ut

271 1213 366 1282 facile
380 1215 587 1302 intellegatur
602 1224 635 1280 et
648 1212 800 1280 Lesbiam
822 1200 919 1280 etiam
941 1223 1008 1281 tum
1023 1225 1152 1304 aposta
1166 1215 1316 1282 ardenter

270 1331 371 1398 smari
393 1342 442 1417 et,
469 1333 497 1398 si
519 1330 639 1399 Lesbio
659 1330 758 1397 fidem
779 1331 931 1419 religiose
952 1353 1083 1400 seruere
1104 1331 1316 1420 promitteret,

272 1448 436 1517 Catullum
451 1448 688 1538 paratissimum
703 1447 773 1513 fore
794 1447 835 1514 ad
856 1470 999 1515 umorem
1020 1447 1316 1538 redintegrandum.

272 1569 355 1633 hanc
377 1564 526 1632 carminis
552 1564 710 1630 rationem
737 1564 914 1630 Mauricius
935 1565 1099 1652 Hauptius
1120 1566 1318 1634 obseruatio-

273 1707 349 1751 num
373 1684 556 1750 criticorum
578 1704 609 1770 p.
624 1683 655 1748 2.
677 1683 698 1747 3
719 1682 769 1747 his
791 1680 899 1748 uerbis
914 1682 997 1747 bene
1020 1682 1191 1770 exposuit:
1206 1683 1239 1749 in
1259 1681 1317 1750 boe

273 1801 448 1868 omonimo
468 1805 603 1866 eamne
624 1799 699 1866 dnm
727 1822 761 1865 se
780 1812 906 1864 reuocat
920 1810 1015 1886 poeto
1035 1823 1056 1864 o
1075 1801 1186 1864 misero
1206 1822 1318 1883 umore,

273 1943 334 1984 non
354 1930 454 1984 tumen
475 1941 589 1984 omnem
610 1941 690 2004 apem
711 1915 921 2002 recuperandi
943 1940 978 1981 eu
1005 1939 1084 2003 qnae
1099 1920 1256 2002 petierunt
1275 1921 1320 1982 ito

273 2035 388 2102 obiecit
401 2047 434 2100 ut
447 2035 589 2100 eduense
602 2035 706 2099 uidmi
715 2034 790 2116 nult,
810 2057 864 2099 neo
881 2045 943 2099 tarn
954 2035 1105 2099 obsnisoto
1118 2044 1212 2099 mente
1224 2033 1319 2098 obdu-

272 2165 323 2216 rat
343 2175 435 2238 quom
457 2151 496 2216 dc
513 2174 544 2216 ro
556 2151 727 2238 praedicet.
770 2173 866 2237 quare
878 2151 989 2216 multuo
1003 2162 1049 2215 est
1063 2151 1099 2216 in
1118 2149 1319 2216 describendo

274 2269 400 2334 relictae
420 2293 442 2334 o
462 2290 494 2333 se
513 2271 632 2354 puellae
652 2269 734 2334 tristi
754 2269 916 2334 solitudine
936 2279 1024 2355 utque
1037 2269 1071 2334 in
1080 2271 1153 2353 fine
1173 2268 1320 2355 carminib

273 2386 384 2452 etenum
406 2407 474 2452 sese
493 2397 526 2450 ut
546 2383 674 2450 obduret
693 2384 884 2451 adhortatur.

357 2501 401 2570 Et
421 2501 566 2590 profecto
589 2502 695 2568 subito
717 2503 750 2566 in
771 2525 882 2569 amore
897 2502 1018 2569 catulli
1034 2502 1142 2567 omnia
1163 2521 1320 2567 conversa

277 2628 353 2686 sunt
383 2643 390 2684 :
422 2617 720 2687 reconciliationem
753 2620 837 2684 inter
868 2627 1013 2684 ementes
1045 2618 1220 2707 perlectam
1252 2639 1322 2683 esee

275 2735 570 2805 animaduertimus.
614 2756 699 2824 quae
720 2758 776 2802 cur
790 2737 878 2802 fecta
897 2737 948 2819 sit,
970 2745 1078 2801 utrum
1099 2735 1322 2824 indignatione

275 2853 459 2920 uehementi
487 2876 553 2942 qua
585 2875 714 2920 carmen
743 2877 856 2920 xxxxii
883 2853 989 2920 feruet
1016 2851 1138 2919 Lesbia
1168 2859 1257 2917 motu
1281 2851 1324 2917 sit

275 2980 312 3038 ut
343 2971 384 3036 ad
417 2968 581 3037 Catullum
612 2970 731 3037 rediret
763 2993 803 3038 au
836 2970 995 3038 desiderio
1023 2978 1109 3036 tecto
1141 2969 1229 3058 quod
1255 2991 1323 3035 cor·

276 3110 350 3153 meu
372 3109 424 3154 vni
448 3085 549 3175 spiret
570 3110 611 3154 en
632 3087 709 3177 quia
730 3109 806 3154 cusu
838 3087 950 3154 diebus
970 3085 1036 3153 illis
1057 3085 1257 3152 amatoribus
1275 3084 1323 3152 in·

278 3204 346 3271 uita
379 3204 500 3289 caruit,
535 3204 616 3271 hoec
646 3205 777 3292 quidem
805 3205 914 3271 omnia
947 3205 1149 3291 ignorentur.
1191 3205 1324 3271 tertium

276 3321 377 3410 igitur
410 3343 513 3410 genus
546 3321 723 3388 canninum
755 3320 878 3388 secerni
905 3330 1012 3408 potest
1039 3343 1149 3388 eorum
1177 3343 1261 3406 qliae
1281 3321 1324 3387 ad

277 3448 421 3526 tempore
450 3438 575 3509 discidii
605 3439 691 3506 inter
722 3449 867 3506 ementes
897 3438 1017 3506 sublati
1044 3438 1215 3506 referende
1237 3448 1322 3505 snut.

278 3556 570 3623 reconciliationem
587 3557 763 3624 amentium
780 3557 941 3645 inprimis
956 3579 1085 3623 carmen
1099 3575 1162 3623 cvn
1175 3565 1324 3641 testatur,
1432 3561 1435 3566 ’

279 3673 366 3763 quod
387 3673 530 3762 pulcrius
551 3687 583 3740 et
605 3676 774 3741 uenustius
795 3685 843 3740 est
865 3697 962 3762 quam
987 3684 1023 3740 ut
1044 3674 1105 3740 boc
1126 3675 1197 3740 loco
1222 3673 1324 3740 exori·

277 3789 417 3858 bendum
438 3812 504 3860 non
525 3791 649 3858 ducam.
