2954 4492
407 355 446 408 Vl
481 355 529 408 DE
544 355 725 410 nucumve
742 355 896 410 carum
1129 360 1180 412 149

121 523 276 590 nentium
304 521 489 611 deperiisse.
531 523 588 590 sed
619 522 838 590 firmissimum
859 535 1088 614 argumentum
1110 525 1187 594 iude

123 641 195 728 peti
217 639 297 707 licet
318 640 404 727 quod
426 661 555 706 carmen
569 665 613 725 xi,
635 663 699 728 quo
713 640 860 709 Catullus
876 641 976 708 Furio
998 651 1031 710 et
1045 644 1184 711 Aurelio

123 759 236 846 turpia
261 757 320 824 illa
346 756 500 824 mandata
523 755 663 823 Lesbiae
693 779 713 822 a
740 779 775 824 se
804 757 926 824 dudum
954 759 1102 826 desertae
1133 760 1188 829 de-

122 873 266 942 ferenda
293 872 467 940 cauillandi
496 894 611 939 caussa
639 872 789 958 tradidit,
821 897 887 942 non
918 885 993 942 ante
1024 885 1181 943 aestatem

122 992 203 1058 anni
218 992 340 1070 699155
359 991 515 1081 seriptum
536 1013 607 1058 esse
627 1000 735 1080 potest
755 993 810 1078 (ct
825 1015 924 1080 supra
944 1017 975 1082 p.
992 993 1078 1078 128).
1116 1015 1181 1060 non

123 1109 266 1176 multum
281 1109 381 1198 igitur
394 1109 463 1176 falli
476 1131 658 1198 possumus,
680 1111 707 1176 si
728 1133 813 1178 anuo
827 1111 944 1188 698156
959 1111 1013 1177 uel
1033 1111 1182 1200 sequenti

123 1227 272 1294 quentii
294 1248 436 1294 amorem
458 1224 624 1294 Catullum
644 1228 778 1316 petiisse
798 1237 957 1316 putamus.

214 1345 269 1413 Ab
291 1344 351 1412 hae
364 1345 552 1433 quaestione
566 1346 657 1432 prius
672 1344 839 1412 discedere
853 1367 919 1412 non
934 1367 1065 1434 possum
1080 1367 1177 1435 quam

124 1462 166 1528 de
202 1462 346 1528 carmine
376 1483 446 1528 xxv
477 1461 694 1528 coniecturam
724 1463 887 1551 proposui.
930 1462 1017 1551 quod
1047 1484 1177 1530 carmen

124 1601 194 1667 quo
216 1578 387 1646 obscurius
408 1587 466 1661 eat,
490 1601 527 1646 ee
548 1579 675 1646 facilius
695 1581 722 1646 si
744 1603 831 1670 quae
850 1579 1004 1648 audacius
1017 1581 1174 1668 temptaui

120 1697 204 1764 milri
240 1693 453 1762 condonanda
481 1718 550 1764 esse
585 1698 774 1763 censuerim.
818 1695 965 1766 Catullus
994 1697 1079 1762 euim
1108 1719 1174 1762 nou

122 1814 230 1881 solum
247 1815 280 1878 in
295 1813 493 1880 aemulorum
509 1837 569 1902 par
588 1814 678 1897 illud,
693 1815 827 1882 Furium
846 1824 879 1880 et
893 1813 1071 1895 Aurelium,
1087 1835 1174 1879 acer·

123 1933 187 2000 bos
209 1929 336 1996 iambos
357 1929 491 2015 direxit,
523 1931 578 1997 sed
606 1933 704 1998 etiem
736 1932 840 2019 ipsum
868 1931 1052 1996 quentium
1074 1933 1177 1997 insee-

120 2059 213 2114 tatus
236 2057 304 2130 est,
336 2069 410 2112 cum
436 2048 478 2113 ab
508 2071 547 2114 eo
576 2049 636 2116 sibi
664 2049 743 2114 istos
773 2048 925 2136 praeferri
954 2059 1175 2136 cognosceret.

121 2167 155 2232 bi
184 2163 283 2231 iambi
316 2165 457 2232 carmine
477 2187 545 2231 xxv
574 2163 713 2231 &inuade
746 2166 861 2231 Thalle
887 2165 1013 2231 mollior
1039 2165 1180 2230 euaienb'

120 2283 242 2369 capallo
268 2283 484 2348 eontinentur.
527 2281 614 2370 quod
644 2291 742 2370 poete
763 2303 802 2348 eo
824 2281 952 2370 scripsit
972 2281 1106 2348 consilio
1129 2293 1174 2362 ut,

119 2409 239 2488 postea
269 2419 366 2486 quam
394 2421 414 2464 a
441 2399 593 2466 quentio
626 2419 767 2464 amorem
801 2419 892 2464 suum
921 2395 1111 2485 repudiante
1140 2419 1175 2464 se

121 2515 264 2604 recepit,
292 2537 345 2582 ros
374 2537 439 2580 nou
466 2515 589 2597 nullas,
621 2537 701 2603 quas
722 2515 893 2582 quentius
915 2514 954 2580 de
976 2536 1066 2580 more
1089 2537 1173 2580 soor·

120 2643 231 2701 torum
251 2655 353 2722 rapax
375 2631 524 2716 Catullo,
554 2632 629 2698 dum
652 2631 721 2698 eius
742 2630 975 2698 consuetudine
995 2630 1173 2717 fruebatur,

121 2751 344 2840 surripuerat,
376 2751 490 2838 poenis
520 2749 717 2817 terribilibus
750 2747 947 2816 denuntiatis
981 2760 1173 2837 reposceret.

122 2868 368 2958 conparandum
394 2867 496 2954 igitur
515 2866 578 2932 hoc
600 2867 634 2932 in
655 2867 839 2932 quentium
861 2887 991 2932 carmen
1012 2889 1086 2932 cum
1107 2890 1174 2933 car-

122 2985 211 3052 mine
230 3007 355 3068 xxxxo,
378 3005 442 3072 quo
464 2982 616 3050 aLesbia
637 3007 657 3050 a
678 3003 714 3048 se
728 2982 881 3050 derelicta
895 2983 1069 3071 pugillares
1088 3006 1172 3068 suos,

123 3126 206 3192 quos
235 3102 292 3168 illa
317 3100 510 3183 retinuerat,
539 3123 635 3190 quam
666 3100 946 3168 uehementissime
968 3100 1173 3188 efflagitauit.

121 3229 254 3308 praeter
275 3240 404 3286 sensum
424 3219 624 3306 aptissimum
646 3217 709 3284 alie
722 3240 853 3307 quoque
874 3229 949 3284 runt
964 3219 1080 3306 quibus
1102 3241 1173 3285 nos-

122 3348 173 3407 trs
195 3336 305 3424 opinio
327 3335 482 3401 firmatur.
524 3335 663 3423 primum
684 3357 797 3402 uersus
818 3335 943 3423 priores
965 3335 1118 3403 carminis

281 3503 413 3570 caneda
438 3501 554 3585 Thalle,
576 3503 692 3568 mollior
713 3503 844 3568 cuniculi
861 3504 976 3590 capello

275 3619 329 3685 uel
347 3624 460 3684 ausvis
481 3619 651 3684 medullula
672 3620 724 3684 ael
745 3619 843 3684 imula
864 3619 1008 3685 ours'u'lla

276 3735 330 3801 uel
345 3759 424 3822 perse
445 3735 589 3824 leupoldo
611 3741 694 3800 saresb
715 3740 834 3822 astuque
854 3759 1002 3802 erasmae

122 3920 156 3986 in
187 3938 327 4009 puerum
356 3919 548 4002 delicatum,
582 3917 687 4007 qualia
716 3919 887 3986 quentius
908 3918 987 4002 fuit,
1019 3919 1172 3986 adcurate
