2970 4484
330 353 408 406 vnn
442 353 491 406 on
509 353 669 408 csnssna
686 355 731 406 m
749 313 976 409 annianus
1133 361 1182 408 aco

124 519 254 609 praeda
275 541 317 586 ex
338 519 444 586 Ponto
465 520 636 590 Pharnace
658 533 808 611 superato
829 543 913 587 auno
936 521 1050 600 707147
1072 543 1181 610 repor-

123 647 199 705 tata
231 637 435 726 interpretati
467 650 543 706 sunt
563 664 571 706 r
594 663 691 728 quam
721 641 904 728 opinionem
934 649 967 706 et
995 640 1098 728 ipsam
1128 639 1181 704 nel

125 765 315 844 temporum
335 754 478 824 rationes
499 758 594 846 plana
614 765 774 824 auertunt.
816 765 930 824 contra
950 756 1083 824 Isaacus
1101 756 1179 822 Vos-

127 873 198 938 sius
231 873 272 940 de
300 872 391 939 lucro
421 883 453 939 et
479 875 693 942 emolumento
719 876 805 942 illam
830 873 975 962 intellegi
995 875 1066 941 uult
1093 871 1179 962 quod

128 989 253 1056 Caesar
268 1009 286 1054 e
300 989 457 1077 Bithynia
470 1013 512 1056 ex
527 991 738 1060 contubernio
750 992 793 1058 M.
810 991 945 1056 Minucii
960 989 1094 1057 Thermi
1108 1013 1180 1080 pro·

126 1105 289 1192 praetoris
302 1106 403 1174 Asiae
419 1117 452 1172 et
468 1129 509 1174 ex
526 1107 743 1174 familiaritate
755 1107 941 1174 Nicomedis
958 1129 1043 1174 anno
1062 1107 1176 1185 673181

130 1233 166 1290 et
186 1224 398 1312 sequentibus
420 1225 589 1291 rettulerit.
631 1247 770 1313 quocum
784 1224 923 1314 quodam
937 1225 1032 1292 modo
1047 1225 1180 1291 Momm·

128 1361 227 1406 mnus
258 1339 412 1408 historiae
432 1341 601 1408 Romanae
622 1347 652 1409 ni
673 1343 736 1409 315
758 1343 875 1422 sensit,
908 1343 963 1432 qui
996 1343 1179 1408 mauratica

128 1457 312 1524 definiendo
340 1459 493 1548 praedam
516 1481 557 1525 ex
579 1457 812 1547 Mitylenaeum
833 1461 1071 1548 expugnatione
1093 1481 1178 1524 anno

126 1573 247 1652 675179
267 1574 419 1652 relatam,
451 1575 542 1641 cuius
564 1575 688 1644 anear
714 1575 748 1641 in
776 1575 932 1663 praetoris
952 1575 1126 1663 Bithyniae
1147 1585 1180 1642 et

126 1691 227 1760 Ponti
253 1691 398 1758 exercitu
424 1692 580 1779 praefecti
609 1692 744 1759 militum
773 1713 906 1759 munere
931 1691 1061 1758 fimctus
1083 1691 1179 1780 parti·

126 1831 205 1898 ceps
234 1807 351 1892 fuerit,
382 1807 558 1874 indicatam
589 1829 660 1875 esse
695 1809 828 1875 censuit.
881 1819 995 1876 contra
1025 1808 1177 1876 Vossium

125 1936 237 1992 autem
257 1923 434 1991 Mauricius
459 1923 622 2015 Hauptius
645 1925 797 2012 (qnaestt.
819 1922 939 1992 catull.
960 1948 991 2013 p.
1013 1925 1067 2011 18)
1089 1933 1177 1992 recte

124 2043 262 2110 adnotat
292 2042 431 2130 primum
464 2041 631 2109 Ponticam
661 2043 749 2110 illam
776 2041 929 2130 praedem
955 2043 1083 2124 uocari,
1110 2063 1175 2108 non

124 2159 352 2247 Bithynicam,
377 2159 494 2226 deinde
513 2158 655 2248 praedae
677 2159 805 2226 nomine
824 2158 903 2225 illud
925 2159 1175 2226 emolumentum

124 2299 166 2344 eo
187 2276 293 2342 minus
313 2284 401 2344 recte
421 2287 549 2366 poetam
571 2276 730 2344 dicturum
750 2277 865 2360 fuisse,
892 2299 955 2364 quo
977 2277 1082 2363 magis
1103 2297 1175 2363 pro·

122 2395 200 2483 pria
220 2394 255 2460 in
275 2394 320 2460 eis
342 2415 426 2484 quae
448 2403 600 2460 secuntur
618 2393 704 2460 illius
730 2392 880 2460 uocabuli
904 2393 1098 2479 significatio
1121 2393 1175 2458 ob·

121 2512 268 2580 tineatur
287 2535 296 2578 r
317 2509 458 2601 denique
475 2509 531 2578 illa
545 2511 651 2599 prima
665 2510 826 2598 stipendia
838 2531 913 2576 cnm
926 2508 1047 2577 Caesar
1061 2509 1177 2576 fecerit

112 2601 221 2696 'annis
246 2630 287 2696 ab
315 2653 349 2696 u.
376 2651 404 2694 c.
430 2627 545 2704 673181
578 2636 612 2694 et
641 2627 768 2706 674180,
800 2627 935 2692 nimium
967 2626 1171 2692 interuallum

124 2747 332 2813 interiectum
358 2765 429 2812 ease
458 2743 543 2812 inter
570 2743 654 2811 hanc
677 2744 831 2834 praedam
853 2753 886 2809 ct
907 2765 977 2810 eam
999 2765 1083 2830 quae
1103 2765 1176 2831 pro·

124 2862 215 2931 xime
236 2873 521 2946 commemoretur,
550 2861 720 2929 Hiberam.
756 2859 869 2927 eadem
893 2861 1017 2927 sercin
1038 2859 1175 2926 Momm-

124 2979 196 3048 scni
217 2981 411 3048 sententiam
437 2979 573 3046 dicenda
598 2987 673 3046 sunt
694 3003 702 3044 r
724 2979 757 3044 in
784 2979 896 3066 primis
926 2999 991 3066 quo
1018 2979 1089 3044 iure
1116 2975 1176 3043 Mi-

122 3095 302 3186 tylenensis
334 3095 455 3184 praeda
476 3095 632 3164 Ponticae
653 3095 782 3162 nomine
803 3094 967 3181 designari
988 3096 1090 3181 possit
1111 3117 1176 3161 non

122 3213 261 3303 dispicio
283 3239 290 3278 ε
312 3213 373 3280 nisi
394 3213 480 3279 forte
500 3211 573 3301 quis
593 3233 710 3279 nomen
731 3210 811 3280 illud
834 3233 873 3278 co
901 3213 1065 3301 explicare
1093 3213 1175 3278 uelit

122 3331 211 3421 quod
233 3331 354 3419 pracda
372 3329 431 3398 illc
452 3353 472 3396 a
492 3339 658 3417 praetore,
680 3339 718 3396 ut
737 3329 957 3396 Mommsenus
977 3329 1041 3414 ait,
1061 3329 1174 3416 Bithy·

120 3450 197 3516 niae
219 3457 253 3514 et
272 3446 372 3514 Ponti
392 3447 480 3514 facta
500 3447 550 3514 sit
593 3447 650 3514 sed
675 3471 718 3514 ne
743 3445 824 3516 haec
852 3447 981 3535 quidem
1006 3467 1175 3534 argumen-

119 3567 202 3632 tatio
231 3564 309 3630 temi
336 3572 462 3652 potest,
489 3585 562 3630 cum
584 3564 629 3631 M.
651 3564 830 3648 Thermus,
859 3565 950 3630 cuius
971 3565 1031 3630 sub
1052 3561 1175 3653 inperio

120 3683 247 3750 Caesar
267 3690 338 3748 tum
358 3680 518 3765 militamt,
538 3705 603 3748 non
625 3691 691 3748 tam
708 3680 884 3770 Bithyniae
905 3691 938 3747 et
955 3679 1053 3747 Ponti
1075 3703 1173 3769 quam

118 3799 221 3868 Asiae
251 3797 438 3887 prouinciae
468 3809 599 3886 praetor
624 3799 750 3864 fuerit:
772 3797 806 3865 id
834 3797 922 3886 quod
951 3797 1173 3864 Mommsenus

118 3919 188 4007 ipsc
209 3939 230 3983 n
253 3915 318 3982 332
338 3913 504 3981 indicauit.
539 3901 580 3982 ¹et
605 3939 647 3982 ne
667 3915 773 4002 potnit
793 3913 923 4002 quidem
933 3914 991 4077 1Μ.
1014 3913 1175 3979 Thermus

952 4017 972 4078 4
