3002 4490
569 371 633 426 xm
667 371 715 426 ult
733 371 827 424 VABO
1169 375 1219 426 ²98

177 536 276 603 uerbo
293 533 485 617 Quintilium
507 547 609 604 morte
630 549 835 626 praematura
857 559 874 602 e
895 536 961 604 nita
983 546 1128 624 ereptum
1150 560 1220 605 esse
1308 589 1312 597 .

176 651 354 742 significet,
386 652 536 743 equidem
566 675 631 743 quo
659 653 831 720 studiosius
859 663 974 742 poetae
999 656 1113 721 mortis
1132 676 1221 743 prae·

175 781 321 837 maturae
351 770 552 838 atrocitatem
583 791 732 838 enarrare
768 770 891 853 solent,
932 791 971 836 eo
1008 769 1220 838 confidentius

177 886 370 968 Quintilium
404 887 562 954 seniorem
594 897 628 954 et
657 887 804 976 Vergilio
833 887 1035 977 Horatioque
1066 891 1218 977 (qnorum

177 1003 229 1070 ille
270 1026 354 1071 anno
386 1003 535 1086 Quintilii
569 1005 682 1071 ultimo
712 1027 831 1072 annum
864 1005 978 1071 aetatis
1013 1005 1221 1094 quadregesi-

176 1143 262 1188 mum
286 1131 413 1188 sextum
435 1121 487 1187 hie
508 1143 627 1189 annum
656 1143 756 1188 unum
784 1132 817 1188 et
837 1121 1118 1212 quadragesimum
1147 1145 1219 1210 age-

175 1239 246 1323 bat)
274 1249 352 1307 nutu
383 1239 536 1306 maiorem
568 1249 729 1306 mortuum
754 1261 823 1306 osse
855 1239 1084 1306 contenderim.
1137 1262 1221 1328 quae

175 1353 334 1424 sententis
369 1355 440 1422 loco
472 1356 530 1422 illo
549 1378 607 1446 ¹ex
638 1354 776 1443 epistula
806 1355 848 1423 ad
882 1356 1016 1423 Pisones
1050 1357 1219 1446 desumpto
1331 1395 1334 1402 ·

174 1494 294 1560 magno
317 1495 415 1560 opere
435 1471 599 1555 firmatur,
631 1473 686 1539 ubi
715 1473 868 1539 Horatius
889 1474 1043 1540 memoria
1064 1475 1218 1563 temporis

174 1589 243 1658 eins
265 1613 329 1678 quo
357 1591 425 1676 ipse
450 1601 483 1655 et
504 1589 667 1677 Vergilius
697 1590 839 1657 carmina
866 1613 925 1657 sua
953 1589 1112 1671 Quintilio
1140 1589 1221 1657 iudi·
1298 1563 1306 1578 ³

173 1706 276 1774 canda
303 1705 477 1773 recitarent
504 1705 724 1774 iucundissimi
755 1717 910 1774 renouata
937 1707 1025 1774 illum
1055 1709 1219 1797 exemplar
1288 1680 1293 1689 Ι

173 1823 285 1890 iudicis
306 1823 339 1887 in
361 1823 557 1889 carminibus
579 1821 791 1889 diiudicandis
813 1825 916 1890 seueri
940 1834 973 1890 et
992 1824 1068 1890 iusti
1091 1824 1219 1914 quidem

174 1939 229 2006 sed
261 1940 380 2028 integri
408 1950 441 2006 et
468 1939 609 2006 beniuuli
639 1940 814 2029 proposuit.
856 1963 922 2029 quo
949 1963 990 2007 ex
1018 1941 1090 2008 loco
1121 1945 1220 2009 mani·

172 2057 292 2124 festum
326 2068 374 2123 est
407 2055 599 2138 Quintilium
631 2056 778 2145 Vergilio
811 2067 845 2124 et
875 2057 1012 2124 Horatio
1044 2069 1124 2125 natu
1153 2083 1219 2126 non

172 2174 271 2241 fuisse
291 2173 459 2240 minorem.
501 2197 577 2240 nam
599 2173 670 2264 quis
689 2173 863 2242 arbitretur
885 2198 944 2263 par
959 2175 1039 2240 illud
1054 2185 1220 2264 poetarum

172 2290 292 2360 homini
312 2301 417 2357 aetate
433 2291 548 2357 minori
568 2291 711 2357 carmina
727 2315 785 2358 sus
805 2292 1002 2358 recensenda
1025 2291 1220 2359 tradidisse?

173 2417 287 2476 contre
308 2431 350 2476 ex
371 2408 426 2474 illo
444 2430 573 2496 quoque
593 2409 664 2475 loco
685 2408 852 2496 probabile
868 2409 905 2474 fit
919 2407 1041 2475 Varum
1057 2408 1220 2498 aliquantu

173 2525 327 2594 meinrem
348 2535 426 2592 netu
442 2508 546 2614 'quam
566 2525 746 2614 Vergilium
770 2535 803 2592 et
824 2524 995 2592 Horatium
1018 2527 1128 2594 fuisse.

256 2641 348 2710 Huec
375 2643 483 2708 omnia
513 2642 547 2708 in
574 2642 699 2709 Varum
728 2665 746 2708 s
776 2640 905 2710 Catullo
937 2652 1220 2710 commemoratum

174 2771 251 2848 apte
272 2760 442 2850 quadrant.
484 2761 574 2826 cuius
603 2760 644 2826 de
672 2769 779 2826 aetate
800 2760 860 2828 etsi
882 2761 959 2827 nihil
982 2759 1127 2827 adcurati
1148 2784 1221 2848 coge

173 2898 309 2944 noscere
336 2900 522 2965 possumus,
551 2889 659 2944 tamen
692 2899 733 2943 ex
761 2877 807 2943 eis
827 2899 911 2966 quae
932 2877 1078 2946 Catullus
1100 2879 1134 2944 in
1154 2901 1221 2946 cer-

173 2995 261 3062 mine
285 3019 307 3060 x
332 2995 477 3062 narrauit
504 2995 695 3061 concludere
730 2995 805 3061 licet
831 2995 954 3060 Varum
983 3017 1067 3061 anno
1094 2995 1221 3079 698156,

174 3133 238 3202 quo
270 3109 418 3179 Catullus
445 3135 575 3178 carmen
606 3111 685 3178 illud
720 3113 848 3201 scripsit
876 3112 931 3196 (cf.
961 3134 1059 3200 supra
1080 3135 1112 3200 p.
1136 3112 1221 3199 174),

173 3229 324 3294 iuuenem
345 3238 378 3295 et
399 3227 526 3296 Catullo
548 3238 615 3294 tum
637 3229 704 3294 fere
726 3229 896 3294 tricenario
919 3230 1090 3317 aequalem
1112 3228 1222 3296 luisse.

173 3346 283 3436 itaque
305 3344 482 3426 Quintilius
504 3345 620 3428 Varus,
650 3369 723 3411 cum
743 3368 817 3411 eum
842 3343 971 3412 Catullo
1001 3355 1108 3412 aetate
1136 3355 1222 3412 unte·

173 3461 307 3531 cessisse
337 3461 467 3529 credere
491 3462 571 3528 nihil
601 3472 719 3550 cogat,
752 3462 836 3529 haud
859 3463 925 3528 scio
947 3486 989 3529 en
1011 3464 1095 3530 inter
1114 3462 1221 3530 Catul-

173 3581 242 3648 lum
262 3589 295 3646 et
315 3580 498 3667 Vergilium
525 3578 610 3645 circa
639 3602 756 3645 annum
785 3579 902 3658 stulte
924 3578 1105 3647 Cremonae
1128 3591 1223 3647 natus

174 3697 227 3765 sit
284 3719 367 3786 quus
410 3696 436 3761 si
472 3717 549 3762 uera
583 3704 677 3776 sunt,
722 3697 828 3762 Varus
871 3695 999 3764 Catullo
1035 3708 1109 3763 octo
1156 3697 1223 3763 lere

173 3813 267 3882 annis
309 3823 387 3880 natu
429 3813 554 3897 minor,
589 3821 701 3879 contra
740 3812 885 3901 Vergilio
929 3835 1048 3880 nouem
1088 3813 1156 3879 fere
1190 3822 1223 3879 et

172 3931 313 4000 Horatio
335 3929 593 4020 quattuordecim
621 3931 714 3996 annis
746 3940 823 3997 natu
852 3932 953 3997 maior
980 3931 1051 3997 fnit.
1093 3940 1222 4019 praeter
