2954 4492
466 345 492 398 V
525 347 574 400 DE
592 345 772 400 meumes
789 345 942 400 ctutum
1189 346 1225 400 96

177 511 249 578 dius
269 533 349 578 usus
371 523 436 596 est,
461 513 594 580 minime
615 513 830 600 congruebat,
860 511 975 580 deiude
1002 514 1089 602 qued
1111 511 1225 581 Oieero

177 639 330 696 emotum
359 627 468 698 Clodii
497 651 669 698 reeeuseus
698 630 752 714 (ol
783 630 815 695 in
839 628 931 697 Olod.
953 639 985 695 et
1007 627 1083 696 Gur.
1104 629 1227 696 oudo

177 745 311 834 herusp.
325 767 410 834 resp.
425 747 465 810 21
481 747 538 832 44)
552 746 736 813 uestimeuti
759 745 870 812 similis
890 746 1088 812 montionem
1106 745 1225 812 nullom

176 859 266 928 feeit.
311 863 530 929 contreef.iu
548 860 639 930 Olod.
658 864 709 928 51
728 875 760 928 tu
780 885 852 926 tere
863 862 1000 947 feeteieuo
1017 865 1228 951 estepanum

177 980 266 1046 solos
288 979 440 1056 orduone,
463 1003 552 1066 queen
566 980 819 1046 deoetomle'ebni
835 992 969 1062 mom,
991 985 1228 1065 pemmonem

175 1097 344 1181 peoluu'cte,
376 1097 433 1184 qui
457 1098 638 1181 effuuinare
667 1098 781 1160 uultum
806 1108 963 1160 attenuare
983 1119 1083 1160 uocem
1103 1096 1228 1162 dueum

176 1235 294 1298 eorpus
309 1225 402 1298 potes.
445 1213 531 1279 uude
546 1212 695 1280 Clodium
718 1213 866 1299 quemuis
888 1213 1054 1279 inberbem
1076 1213 1228 1280 doeemur

175 1340 316 1396 ueturoe
331 1350 467 1417 corpore
482 1327 677 1414 lseuigeudo
697 1327 903 1394 suoouuisse.
938 1328 1046 1394 omnis
1059 1331 1084 1394 ei
1100 1351 1226 1396 meeum

174 1456 295 1534 reputo
316 1447 455 1535 primum
478 1444 628 1513 Clodium
656 1447 776 1512 scurris
804 1445 1040 1533 locupletibus,
1075 1457 1111 1512 ut
1137 1445 1227 1516 Oioe-

175 1564 265 1628 rouie
300 1562 410 1629 uerbis
441 1572 531 1642 uter,
565 1573 755 1650 exoptatum
786 1561 884 1628 fuisse
917 1583 982 1650 quo
1011 1563 1052 1632 ed
1077 1561 1227 1630 libidines

174 1689 290 1767 turpes
311 1679 474 1746 setieudes
495 1677 721 1759 abuterentur,
752 1677 870 1745 deiude
890 1677 996 1766 ipsum
1017 1689 1228 1746 scortatorem

174 1793 450 1862 nobilissimorum
471 1794 663 1860 feminarum
692 1793 800 1882 gretie
820 1794 984 1878 demisse,
1019 1805 1088 1862 tum
1118 1817 1226 1883 quem·

175 1933 277 2001 quem
299 1911 505 1978 tuioeuerium
527 1921 636 1978 temen
664 1911 763 1978 etiem
789 1923 859 1978 tum
887 1911 970 1978 faeie
995 1922 1063 1979 tem
1093 1912 1226 1980 iuuenili

176 2029 232 2115 (ed
254 2027 297 2096 ed
317 2029 463 2096 Atticum
485 2053 495 2096 ι
517 2029 557 2094 16
579 2029 620 2096 10
636 2029 786 2114 puloellus
814 2052 912 2116 puer
933 2031 1043 2116 stupet)
1071 2040 1105 2098 et
1133 2030 1227 2119 quusi

174 2147 312 2235 uigente
337 2167 432 2212 usum
459 2145 559 2213 fuisse
587 2157 624 2212 ut
650 2169 709 2234 pro
730 2146 871 2214 feminee
892 2147 1059 2214 uenditare
1081 2147 1225 2232 undeet,

174 2265 338 2352 denique,
370 2272 407 2330 ut
434 2263 538 2350 magis
564 2285 682 2329 arcens
702 2274 735 2329 et
755 2263 855 2330 dubio
876 2265 1049 2352 ottingam,
1082 2286 1225 2332 sororem

175 2381 417 2470 pulcerrimum,
438 2400 535 2466 quom
559 2378 707 2448 Catullus
728 2380 857 2446 nomine
877 2379 1017 2447 Lesbiae
1038 2381 1224 2466 celebrauit,

176 2500 338 2584 cuiusque
377 2506 410 2562 et
448 2496 548 2583 ipsius
586 2507 739 2564 uenustus
779 2518 838 2583 per
876 2496 1061 2564 diuturnum
1097 2507 1225 2586 tempus

175 2613 334 2696 durebet,
365 2612 517 2680 habuisse
552 2611 719 2696 Clodium,
750 2614 857 2680 fouere
891 2635 957 2678 non
986 2637 1116 2703 possum
1147 2615 1225 2702 quin

175 2731 309 2800 diui-eto
331 2739 365 2796 et
377 2729 525 2796 Meuutio
543 2729 580 2798 P.
595 2729 744 2799 clodium
766 2730 878 2817 pulcre
896 2731 999 2798 forme
1020 2731 1113 2798 feeiei
1127 2731 1226 2798 luisse

174 2847 397 2916 iudioeufibus
415 2847 581 2936 astipuler.
626 2847 721 2912 simul
743 2855 852 2914 sutem
873 2868 939 2913 non
952 2849 1141 2935 negauerim
1157 2848 1225 2914 eius

175 2964 430 3054 pulcritudinem
458 2965 576 3031 sensim
605 2973 639 3030 et
664 2963 894 3051 pedetemptim
923 2963 1091 3032 libidinum
1114 2987 1227 3034 oeuese

175 3083 213 3150 in
234 3083 326 3150 omni
347 3081 598 3170 intemperentia
618 3081 802 3158 effusorum,
821 3081 939 3168 quibus
962 3079 1096 3148 Clodius
1117 3103 1153 3148 se
1172 3081 1225 3150 de-

176 3199 298 3284 debet,
331 3197 503 3266 eueuuisse
524 3210 558 3265 et
578 3199 648 3266 eius
669 3199 776 3265 losum
796 3195 1036 3266 deformitatem
1056 3195 1161 3282 illem,
1190 3208 1227 3265 ut

175 3317 225 3384 ite
244 3315 360 3400 diuum,
382 3315 570 3403 languidum
590 3324 624 3382 et
643 3313 747 3381 meoie
768 3313 934 3396 torridum,
959 3313 1062 3402 quelis
1082 3315 1227 3384 homiues

177 3433 371 3502 liuidinows
391 3443 498 3500 estete
518 3432 714 3520 procedente
735 3431 891 3498 inuadere
912 3430 1009 3514 solet,
1040 3431 1226 3500 obtinuisse.

178 3551 270 3618 ouius
289 3551 339 3617 rei
360 3549 482 3637 eliquid
496 3548 678 3636 fragmento
692 3548 748 3614 26
765 3546 1029 3634 interrogationis
1049 3547 1227 3616 iudicatum

178 3687 249 3735 esse
277 3667 383 3756 possit
411 3687 508 3756 quem
536 3667 576 3732 de
604 3687 680 3732 uere
710 3665 817 3732 alieno
846 3663 977 3732 Milonis
998 3662 1114 3732 Cicero
1134 3667 1167 3732 iu
1188 3666 1225 3732 P.

179 3783 329 3854 Clodium
358 3785 420 3850 suh
447 3781 544 3850 finem
573 3781 649 3850 enni
680 3781 797 3860 ‘louet
824 3781 929 3870 paullo
960 3792 1153 3868 antequem
1176 3783 1227 3848 hie

178 3906 219 3972 eb
240 3903 296 3971 illo
317 3900 509 3970 interiectus
522 3910 584 3984 eet,
605 3897 727 3966 hebuit
770 3900 816 3966 ite
838 3900 969 3966 enimin
987 3897 1137 3966 Clodium
1158 3907 1225 3962 tum
