2954 4492
301 353 350 405 tte
567 349 618 402 vn
652 351 700 402 DE
718 349 859 403 lmese
876 349 1071 404 BITHYNIGO

299 517 337 581 71
363 515 507 602 Imperat
528 515 677 600 (Verres)
700 517 948 604 Appenninus
968 529 1002 582 ut
1030 520 1173 582 domnius
1200 518 1265 602 ipsi
1283 539 1338 604 pa-

300 633 373 699 blioe
387 633 562 717 accipiant,
583 634 724 719 Apronio
738 635 856 699 lacrum
870 635 963 699 deret.
981 681 988 699 .
1004 682 1013 699 .
1030 683 1038 700 .
1053 635 1205 720 Apronio,
1227 633 1342 701 delictis

296 753 457 835 medone,
479 749 586 814 noeti
603 748 730 835 alsonid
749 752 830 814 izeei
848 761 920 814 eunt
935 752 1019 815 dare.
1059 762 1191 836 putatote
1212 751 1343 836 Apo-meo

301 863 424 947 datum,
453 865 487 929 ei
505 864 722 950 Apronianum
744 864 886 930 lucellum
907 888 945 930 ac
966 889 1027 930 non
1046 867 1208 950 praetcrea
1224 865 1343 952 praeda

300 981 387 1046 nobie
406 979 575 1046 uidebitur.
618 986 740 1067 mperes
767 992 800 1044 ut
829 980 971 1046 decumas
1003 981 1187 1067 accipiam:
1207 981 1342 1068 Apronio

302 1095 373 1162 dent
400 1097 482 1162 lucri
506 1097 598 1162 tn'tiei
622 1096 811 1160 medionon
841 1117 949 1160 xxxin.
992 1097 1067 1182 quid
1093 1096 1150 1163 lieo
1171 1104 1243 1164 eat?
1278 1117 1343 1162 urta

301 1213 412 1278 ciuitas
432 1236 473 1278 ese
489 1235 550 1278 nno
564 1235 644 1301 apro
655 1214 754 1298 plebis
768 1211 927 1277 Romanae
937 1235 1034 1298 prope
1047 1225 1206 1278 masma
1222 1213 1344 1282 οὕανΐα

299 1331 454 1416 praetoris
491 1329 610 1414 inperio
653 1327 769 1394 donare
807 1329 948 1414 Apronio
989 1329 1119 1417 copitar.
1173 1329 1234 1395 hoe
1268 1329 1341 1395 loce

303 1445 393 1510 uides
421 1445 474 1510 uel
500 1433 625 1510 ‘lucelli'
650 1444 843 1510 uocabulum
871 1468 890 1510 a
921 1443 1079 1512 Cicerone
1108 1447 1204 1533 plane
1231 1444 1342 1512 eodem

302 1583 399 1627 sensu
419 1570 609 1650 usurpatum
631 1583 702 1627 esse
723 1571 821 1649 atque
836 1583 855 1627 a
871 1559 1000 1628 Catullo
1022 1562 1055 1627 in
1076 1563 1217 1629 carmine
1230 1565 1341 1626 xxviii.

300 1677 381 1744 haec
410 1679 517 1744 omnia
549 1699 632 1766 quae
663 1676 805 1744 diximus
838 1699 899 1744 usu
939 1677 1091 1744 diuturno
1123 1688 1212 1744 tanto
1245 1698 1344 1765 opere
1466 1699 1467 1716 ι

300 1795 482 1862 inueterata
507 1803 599 1860 erant
619 1804 656 1860 ut
676 1793 745 1860 iere
766 1795 903 1881 quisque
924 1795 979 1883 qui
1000 1795 1225 1882 magistratum
1247 1815 1344 1883 queu-

301 1911 376 1977 dam
410 1913 443 1976 in
478 1911 674 1999 prouinciam
708 1919 838 1977 secutus
867 1921 916 1978 est
946 1912 1103 1998 pecuniae
1131 1913 1218 1978 omni
1246 1909 1343 1977 mode

301 2027 541 2116 conquirendae
560 2027 593 2094 in
608 2027 718 2116 primis
733 2049 863 2115 operam
878 2027 970 2094 daret
989 2049 1096 2117 neque
1109 2028 1171 2094 hoc
1192 2027 1344 2094 uitiosum

300 2154 333 2211 et
356 2154 452 2234 turpe
466 2145 601 2212 haberet
622 2169 629 2210 :
653 2144 690 2211 cf.
706 2145 763 2210 x8
784 2167 951 2232 ecquonam
972 2147 1051 2211 mim
1069 2145 1254 2233 (Bithynia)
1272 2167 1344 2230 pro·

298 2262 414 2347 fnisset
426 2285 499 2328 aere
510 2261 742 2327 etMommseni
753 2260 905 2326 historiae
915 2261 1083 2328 Romanae
1098 2285 1127 2328 ιιι
1139 2261 1212 2328 522.
1234 2261 1344 2349 itaque

303 2377 467 2446 Catullum
490 2400 618 2467 quoque
639 2400 713 2465 spes
735 2376 921 2442 diuitiarum
939 2377 1080 2461 incessit,
1101 2377 1157 2442 sed
1179 2377 1344 2465 prouincia

300 2517 414 2586 perum
428 2496 587 2583 largiente
599 2503 632 2560 et
644 2503 795 2582 praetore
806 2493 982 2560 commodis
994 2494 1134 2560 cohortis
1143 2516 1259 2584 perum
1274 2516 1346 2582 pro·

301 2611 432 2679 uidente
451 2613 576 2678 frustra.
613 2613 654 2678 de
667 2611 855 2699 prouinciae
874 2621 1020 2698 egestate
1035 2608 1181 2678 Catullus
1193 2633 1216 2676 x
1230 2611 1251 2676 9
1268 2611 1349 2678 nitet

300 2751 399 2815 nepte
419 2731 496 2816 e'psis
511 2728 545 2814 (i.
561 2750 587 2794 e.
608 2727 772 2816 Bithynis)
796 2751 861 2793 cese
876 2739 908 2793 et
923 2729 962 2794 19
973 2728 1143 2814 prouincia
1164 2727 1250 2816 qnod
1262 2731 1349 2794 mah

299 2847 455 2912 incidisset
479 2855 611 2934 questus
633 2855 683 2912 est
703 2870 711 2911 ε
732 2845 931 2912 fertilitatem
953 2855 1062 2911 tamen
1088 2845 1159 2933 agri
1186 2843 1347 2912 Nicaeen-

300 2964 344 3028 sis
366 2961 434 3051 ipse
450 2962 611 3027 xxxxne
633 2962 904 3028 commemorauit.
945 2960 1132 3028 Memmium
1152 2960 1259 3049 ipsum
1273 2983 1346 3049 pro-

299 3079 439 3144 uinciam
462 3100 559 3166 quam
581 3079 722 3144 maxime
744 3078 940 3166 expilauisse
962 3079 1022 3144 etsi
1044 3078 1122 3144 nihil
1144 3077 1236 3144 adest
1256 3079 1345 3167 qued

302 3194 435 3262 eredere
460 3195 660 3278 dissuadeat,
682 3204 791 3261 temen
817 3195 1002 3261 testimonio
1019 3195 1108 3262 nullo
1134 3195 1290 3273 traditur,
1312 3207 1345 3262 et

299 3313 442 3381 Obertus
465 3311 616 3380 Gilsnius
648 3313 681 3378 in
714 3312 953 3400 prolegomenis
983 3312 1024 3379 de
1055 3321 1154 3400 gente
1179 3312 1344 3396 Memmia,

298 3451 382 3517 quae
403 3428 555 3496 Lucretio
577 3451 636 3496 suo
657 3430 830 3518 praemisit,
853 3453 885 3518 p.
900 3431 942 3496 35
964 3430 1084 3496 fallitur
1105 3430 1281 3496 arbitratus
1302 3451 1344 3496 ex

299 3543 406 3612 Gellio
427 3569 446 3610 v
471 3547 509 3611 13
531 3546 551 3612 6
572 3548 693 3635 conligi
723 3569 818 3634 posse
840 3546 1047 3628 Memmium,
1077 3544 1240 3634 quianon
1260 3547 1344 3613 bene

298 3661 500 3751 prouinciam
523 3663 779 3731 administrasset
802 3674 858 3732 eut
879 3663 1130 3751 prouincialibus
1152 3663 1342 3750 quibusdam
1461 3683 1462 3702 ¹

298 3779 447 3846 iniurium
469 3779 648 3865 intulisset,
669 3803 689 3846 a
711 3781 753 3848 G.
779 3779 919 3847 Caesare
942 3790 1127 3847 accusatum
1149 3801 1226 3846 esse
1270 3801 1343 3847 ean·
