2954 4492
447 359 472 413 V
504 361 553 414 DE
571 361 750 415 enomere
767 360 918 414 cervum
1166 365 1216 423 lit

164 527 225 593 sed
247 535 375 614 tempus
397 526 476 593 illud
498 527 577 594 felix
599 527 705 596 subito
732 537 836 594 morte
856 526 963 594 fratris
985 527 1140 595 carissimi
1162 529 1215 595 ab·

163 651 298 731 ruptum
319 666 358 710 oc
379 643 505 710 finitum
528 665 607 729 esso,

270 810 361 876 msto
381 834 437 898 epo
457 810 580 876 interitu
600 821 662 876 tcta
682 811 719 874 de
738 821 835 875 mente
854 807 977 898 supersi

308 928 380 991 tace
401 927 501 992 studio
522 937 611 1014 atquc
631 927 729 991 omnis
749 925 881 992 delicias
901 929 1005 1007 animi,

167 1129 268 1197 quem
300 1107 342 1174 ob
365 1130 435 1174 rem
464 1109 527 1176 iam
554 1107 632 1174 nihil
653 1130 688 1175 se
709 1130 748 1174 eo
769 1107 965 1175 commoneri
986 1105 1075 1194 quod
1095 1105 1215 1172 amicus

168 1227 277 1293 Rome
288 1227 454 1293 Veronam
471 1226 542 1311 (ubi
554 1237 624 1292 tum
638 1234 736 1314 poeto
749 1225 950 1310 morabatur)
966 1223 1129 1313 scripserit
1140 1223 1216 1290 Les-

169 1343 256 1408 biom
273 1364 307 1409 sc
323 1341 392 1430 ipsc
408 1364 429 1407 o
442 1341 548 1408 Roma
562 1342 695 1408 absente
710 1363 783 1406 cum
798 1363 862 1406 uno
877 1339 1008 1429 quoque'
1021 1336 1070 1406 ‘de
1085 1341 1216 1406 meliore

168 1459 255 1526 noto’
277 1480 517 1524 consuescere:
538 1457 602 1524 ism
633 1458 718 1523 enim
748 1457 811 1523 boc
831 1457 983 1522 miserum
1006 1455 1135 1546 quidem
1157 1479 1217 1524 nec

168 1595 247 1642 noro
267 1574 330 1640 sibi
351 1584 446 1663 turpe
467 1595 538 1640 esse
559 1598 566 1640 :
588 1573 740 1640 miserum
763 1571 850 1663 quod
869 1573 1043 1640 dolendum
1058 1573 1215 1657 Clodiam,

167 1691 335 1757 moliorem
357 1690 433 1757 olim
454 1691 622 1758 honestem
644 1701 677 1757 et
698 1715 740 1757 ex
763 1699 861 1779 gente
882 1690 1081 1756 nobilissimo
1101 1700 1215 1774 ortem,

168 1830 302 1897 prorsus
330 1831 350 1874 o
375 1806 494 1874 uirtute
526 1807 718 1893 desciuisse,
758 1829 864 1896 neque
894 1817 1002 1874 temen
1032 1806 1092 1874 sibi
1121 1816 1215 1894 turpe

168 1945 255 2008 esse,
287 1926 366 2013 quia
387 1945 586 2012 quemquem
606 1923 806 2011 temporibus
828 1924 990 2011 prioribus
1010 1945 1121 1989 amore
1143 1945 1215 1989 eum

167 2041 303 2108 muliere
321 2041 376 2108 illo
397 2039 585 2124 deuinctus,
614 2040 677 2108 ism
700 2041 810 2106 dolore
831 2041 871 2106 dc
890 2041 999 2106 fratris
1019 2049 1123 2108 morte
1144 2061 1215 2129 per

167 2180 282 2225 cussus
309 2159 351 2225 eb
380 2159 467 2223 omni
496 2155 625 2224 amandi
657 2156 764 2224 studio
792 2167 825 2223 et
853 2157 1016 2224 oLesbia
1034 2157 1159 2247 pridem
1180 2179 1214 2224 se

165 2275 379 2342 renouauerit
428 2273 516 2340 unde
547 2273 704 2362 adparere
736 2295 778 2340 ex
811 2295 848 2340 eo
881 2274 969 2363 quod
999 2273 1063 2339 ism
1096 2274 1215 2341 Lesbia

166 2413 239 2458 curn
262 2390 409 2480 quolibet
428 2413 463 2457 se
484 2390 657 2480 prostituet
677 2391 739 2459 sibi
760 2390 912 2457 infamiae
932 2389 1103 2478 quicquam
1124 2392 1214 2458 nosci

166 2531 231 2576 non
252 2527 361 2596 posse.
404 2507 546 2596 explicat
566 2507 686 2595 igitur,
719 2516 756 2574 ut
787 2506 947 2591 uidimus,
978 2508 1041 2572 boc
1071 2506 1214 2574 carmine

165 2635 264 2714 poeto
300 2645 443 2692 umorem
477 2625 697 2692 renuntiatum
731 2623 808 2690 inde
850 2625 936 2712 quod
977 2624 1102 2690 suimus
1137 2647 1214 2691 suus

166 2741 277 2809 dolore
305 2740 498 2830 grauissimo
527 2741 673 2810 adfectus
700 2740 861 2808 amoribus
889 2751 922 2807 et
942 2740 1085 2808 loetitiae
1106 2763 1141 2807 ee
1163 2741 1214 2808 de·

166 2858 245 2924 dere
275 2859 427 2948 inpotens
463 2858 571 2926 merit.
631 2879 715 2947 quse
751 2857 924 2945 explicatio
962 2867 1080 2946 poetae
1114 2859 1214 2945 ipsius

166 2997 283 3044 uereor
303 2985 340 3042 ut
360 2975 449 3041 omni
470 2997 513 3042 cx
527 2985 620 3064 porto
641 2976 737 3042 rebus
752 2975 831 3064 ipsis
846 2985 922 3063 opto
943 2983 976 3042 et
996 2985 1213 3042 consentanea

166 3093 218 3160 sit.
261 3093 363 3160 multo
385 3102 499 3160 contro
519 3091 588 3159 ueri
611 3091 746 3159 similius
768 3094 798 3160 ei
818 3092 873 3181 qui
887 3091 1114 3181 praecedentia
1127 3093 1212 3181 opud

167 3231 203 3276 se
233 3209 399 3298 reputooit
425 3208 589 3276 uidebitur
620 3207 799 3292 Catullum,
831 3207 883 3276 cui
904 3209 1027 3276 Manlio
1049 3219 1083 3275 et
1104 3231 1214 3276 nerem

167 3327 289 3394 umoris
317 3325 458 3394 Lesbiae
488 3325 626 3415 depositi
655 3347 802 3393 caussam
831 3325 977 3414 profiteri
1002 3337 1036 3394 et
1064 3327 1120 3393 illo
1153 3326 1214 3392 eibi

165 3453 299 3533 propter
324 3443 411 3510 idem
442 3443 609 3510 discidium
638 3441 856 3511 infelicissimo
877 3452 1023 3531 tempore
1042 3446 1214 3533 inportune

166 3559 291 3650 potenti
304 3559 385 3627 sotis
398 3560 509 3626 fecere
523 3583 625 3649 graue
647 3570 680 3626 ct
700 3561 871 3627 molestum
885 3561 958 3645 fuit,
978 3563 1213 3629 recusationem

164 3699 256 3744 suem
278 3677 392 3744 dolore
413 3677 455 3744 de
468 3677 578 3744 fratris
599 3687 702 3744 morte
716 3687 826 3744 uetere
842 3698 937 3766 quem
954 3677 1001 3762 (id
1017 3679 1103 3766 quod
1119 3679 1212 3746 unice

165 3817 277 3863 uerum
298 3792 429 3878 fuisset)
452 3793 563 3861 dolore
583 3795 706 3860 recenti
724 3817 767 3862 ox
779 3792 919 3862 Lesbiae
934 3795 1068 3884 repudio
1084 3794 1213 3862 residuo

164 3934 323 3982 excusare
352 3911 515 3978 moluisse.
563 3911 703 3998 denique
731 3911 787 3978 ills
821 3909 971 3978 Veronae
1003 3910 1212 3978 commoratio
