3002 4490
611 1621 613 1628 ,
637 1531 745 1616 ΧΙΠ

252 1741 290 1807 In
320 1739 478 1827 capitibus
505 1740 603 1808 libelli
631 1741 725 1806 huius
743 1739 897 1828 proximis
919 1737 960 1804 de
983 1736 1084 1804 Caluo
1107 1737 1212 1805 Cinna

169 1856 344 1922 Hortensio
376 1857 518 1924 Tanusio
550 1860 655 1946 poetis
686 1857 928 1945 disputauimus.
977 1856 1026 1922 bis
1055 1858 1087 1922 in
1119 1857 1213 1923 tertio

168 1973 293 2041 decimo
316 1973 421 2063 capite
443 1975 584 2062 reliquos
606 1975 717 2041 doctos
738 1976 857 2040 amicos
878 1973 1012 2057 Catulli,
1036 1974 1211 2061 dequibus

168 2091 299 2158 breuius
320 2093 433 2158 disseri
456 2102 580 2180 potest,
611 2093 786 2180 adiungere
807 2091 920 2178 placet.
964 2093 1080 2180 quibus
1108 2092 1211 2158 doctis

168 2207 278 2276 amicis
300 2210 385 2296 quod
408 2210 531 2297 aliquot
551 2209 800 2297 interposuimus
831 2208 885 2297 qui
913 2229 1019 2297 neque
1044 2207 1081 2291 in
1106 2208 1209 2274 doctis

168 2347 274 2416 neque
294 2325 328 2390 in
354 2327 464 2392 amicis
491 2327 577 2392 omni
606 2327 676 2392 iure
704 2327 864 2391 numerari
895 2335 1049 2413 possunt,
1082 2348 1121 2390 eo
1150 2326 1210 2391 hoc

168 2443 302 2508 lecimus
331 2444 526 2510 consilioue
549 2443 796 2532 disputationem
819 2453 961 2508 nostram
983 2444 1016 2507 in
1036 2442 1210 2530 particulas

167 2559 262 2627 nimia
283 2559 417 2648 exiguae
439 2561 704 2650 discerperemns.

250 2711 381 2800 Agmen
412 2713 519 2779 Varus
551 2713 681 2802 quidam
713 2711 824 2794 ducat,
862 2711 901 2778 ad
936 2733 1031 2800 quem
1061 2665 1212 2777 betullae

167 2851 296 2896 carmen
317 2853 386 2895 xxu
409 2827 550 2916 Saffum
571 2832 638 2906 iste,
666 2831 751 2905 Vara,
772 2853 861 2916 quem
873 2831 967 2915 probe
979 2835 1059 2895 nosti
1071 2827 1209 2916 scripsit.

167 2967 273 3034 noque
294 2969 407 3013 caussa
422 2957 470 3012 eet
483 2970 540 3012 cur
550 2947 733 3014 dubitemus
747 2946 822 3034 quin
840 2945 925 3010 idem
933 2945 1039 3010 Varus
1055 2947 1096 3010 ait
1118 2945 1208 3010 cuius

166 3061 208 3130 de
229 3064 332 3129 amica
346 3064 570 3152 inpudentiora
585 3063 732 3132 Catullus
745 3065 778 3129 in
792 3064 933 3128 camnine
946 3086 983 3144 x,
1010 3061 1097 3150 quod
1112 3061 1207 3126 modo

167 3199 210 3244 ex
230 3179 384 3266 Bithynia
410 3201 559 3247 reuersus
586 3181 713 3270 scripsit
740 3179 787 3264 (u.
809 3201 905 3268 supra
925 3201 955 3266 p.
981 3177 1072 3263 174),
1094 3179 1210 3244 festiue

166 3294 291 3362 iocatus
313 3307 371 3362 est.
414 3297 486 3383 quia
508 3297 561 3362 ille
576 3295 682 3363 Varus
700 3295 799 3363 fuerit
812 3294 959 3363 Catullus
973 3293 1125 3361 adcurate
1146 3315 1211 3360 non

167 3411 347 3500 eloquitur,
379 3412 436 3478 sed
468 3436 540 3478 cum
570 3414 610 3478 ad
638 3413 759 3479 Varum
794 3413 834 3478 de
860 3412 984 3480 Suffeni
1016 3411 1211 3478 carminibus

166 3527 300 3594 rudibus
322 3539 419 3618 atque
438 3531 616 3596 inuenustia
638 3529 775 3612 scribat,
800 3531 985 3595 coniectura
1004 3529 1038 3595 in
1061 3539 1210 3618 promptu
1257 3565 1266 3577 ,

165 3655 215 3710 est
255 3645 345 3712 illum
387 3671 408 3712 a
453 3646 551 3712 musis
600 3669 664 3712 non
714 3646 811 3712 fuisse
860 3647 1023 3729 alienum,
1073 3645 1210 3714 fortasse

163 3765 270 3851 ipsum
293 3763 487 3830 carminibus
514 3762 693 3851 pangendis
719 3785 848 3851 operam
870 3763 1003 3831 dedisse.
1046 3763 1210 3852 Hauptiua

164 3879 196 3946 in
237 3879 516 3946 obseruationibus
557 3879 675 3945 criticis
717 3903 749 3967 p.
786 3881 826 3945 24
874 3883 908 3946 ab
950 3883 1061 3946 decimo
1102 3881 1206 3966 inquit

972 3981 1009 4044 19
