3002 4490
654 1799 740 1883 XV

249 2034 343 2116 Quae
354 2033 395 2102 de
410 2035 610 2122 temporibus
625 2035 802 2100 carminum
814 2033 1071 2103 Getullienorum
1087 2033 1224 2100 dicende

171 2161 265 2218 erent
287 2174 359 2217 oum
380 2171 438 2240 per
458 2159 562 2218 totum
580 2151 665 2216 huno
681 2150 808 2234 librum,
830 2159 927 2238 prout
941 2172 993 2216 ren
1006 2151 1223 2240 postulabunt,

171 2271 317 2357 dispereo
352 2268 434 2352 rint,
465 2266 547 2334 heee
580 2264 686 2333 omnio
713 2265 825 2333 ultimo
853 2265 915 2332 hoo
941 2265 1048 2355 eapite
1079 2267 1224 2334 breuiter

170 2387 338 2474 conligere
369 2395 404 2452 et
429 2383 587 2473 conplecti
620 2384 737 2471 plooet.
785 2382 835 2450 hio
863 2384 1040 2450 omninum
1069 2383 1222 2451 Catullin-

170 2525 286 2572 nornm
316 2503 407 2570 fastis
435 2523 474 2567 eo
501 2523 543 2568 ex
573 2501 643 2567 uite
671 2497 791 2568 catulli
821 2499 990 2589 desumpto
1017 2499 1221 2589 interponam

169 2619 262 2689 lubet
291 2641 376 2708 quoe
403 2615 495 2685 ennio
521 2616 656 2706 singulis
678 2638 776 2705 supro
802 2614 935 2683 attribui
962 2626 1155 2705 potuerunt,
1186 2629 1223 2694 ut

170 2757 395 2825 quoecumque
427 2735 461 2800 in
494 2732 654 2823 oepitibuo
684 2733 844 2822 prioribus
876 2735 916 2800 de
944 2734 1013 2802 uito
1041 2735 1162 2803 Catulli
1189 2745 1223 2802 ot

170 2853 369 2941 temporibus
397 2851 599 2940 singulorum
621 2850 798 2918 oerminnm
829 2853 969 2940 probare
994 2853 1222 2940 temptauimus

172 2991 236 3037 uno
257 2969 290 3036 in
313 2979 489 3058 conspeetu
508 2968 599 3058 quasi
614 2979 771 3059 prostent.
808 2991 904 3058 quem
919 2979 1125 3058 conspectum
1147 2993 1221 3036 oum

171 3096 337 3176 oporteret
368 3108 466 3175 quem
501 3087 729 3154 breuieeimum
757 3108 849 3165 eene,
881 3086 988 3154 fecere
1018 3109 1084 3153 non
1115 3087 1221 3175 potui-

170 3227 242 3271 mus
285 3204 363 3293 quin
400 3225 453 3271 reo
495 3203 634 3270 incertos
676 3203 906 3272 incertiorenne
938 3203 1024 3272 iusto
1061 3204 1221 3272 confiden-

170 3323 235 3391 tine
270 3321 355 3390 inter
390 3331 495 3388 oertne
534 3343 804 3388 enumeraremus.
858 3322 938 3388 duos
969 3321 1070 3410 igitur
1099 3321 1222 3388 indioen

171 3439 309 3506 alterum
341 3441 508 3506 nominum
545 3449 579 3506 et
607 3460 714 3506 rerum
747 3439 885 3506 altorum
913 3437 1090 3506 oerminum
1123 3439 1221 3527 copiti

171 3555 247 3620 huie
278 3555 502 3623 subiunximus
538 3577 674 3645 qnorum
701 3555 822 3623 anxilio
852 3555 940 3621 nullo
975 3556 1108 3643 negotio
1139 3577 1222 3622 unus

173 3671 311 3760 quisque
328 3671 439 3738 uidere
459 3673 562 3761 poenit
584 3682 707 3762 quante
727 3672 793 3739 fide
813 3673 942 3762 singule
960 3671 993 3739 in
1014 3671 1073 3739 hee
1093 3671 1220 3739 tebulne

171 3789 274 3856 relate
292 3789 391 3876 digne
405 3789 478 3858 nint.
521 3790 664 3857 earmina
684 3812 820 3880 qnorum
840 3800 987 3879 tempore
1008 3788 1133 3858 definiri
1154 3810 1219 3856 non

170 3915 349 3998 potuerunt
369 3906 402 3973 in
424 3914 601 3996 eonspeotn
622 3904 799 3976 omisimus.
