2970 4484
312 283 362 336 nce
612 279 651 332 ιιι
684 281 732 332 nn
754 279 786 332 o.
803 279 936 332 nicrum
955 242 1074 332 olavo

313 455 580 513 commemoratus
603 454 660 528 est,
683 444 817 512 Suffeno
833 443 980 512 Catullus
994 444 1065 532 ipse
1080 443 1113 509 in
1130 443 1274 510 carmine
1294 465 1363 510 nu

314 563 461 650 Suffenus
481 565 557 646 iste,
591 563 691 645 Varo,
726 587 815 650 qroem
845 562 941 648 probe
968 567 1047 628 noeti
1079 560 1236 648 conplura
1270 559 1364 644 dixit,

313 681 441 748 aliunde
463 681 490 746 is
511 681 605 746 uobis
633 689 728 745 nctus
758 701 823 744 non
852 688 911 745 cet.
953 679 1010 744 sed
1031 679 1093 744 iam
1112 677 1363 766 quaeriturque

315 811 460 886 tempore
482 795 628 864 Catullus
650 817 779 862 carmen
801 818 865 860 xrrn
889 793 1062 883 scripserit
1104 816 1169 880 qua
1182 791 1224 859 de
1242 815 1279 858 re
1293 815 1365 860 ner

314 937 385 981 sum
408 915 538 980 tertium
561 925 593 980 et
614 915 764 1004 quintum
789 911 948 977 decimum
975 909 1158 978 adcuratiue
1185 910 1365 976 considere
1471 907 1473 920 ⁴

315 1055 385 1098 mus
408 1052 540 1098 neccsse
566 1041 625 1096 eet.
669 1030 747 1119 quid
778 1029 877 1117 igitur
904 1028 982 1095 illud
997 1017 1123 1095 ¹‘odium
1146 1021 1365 1094 Vatiniannm’

315 1149 377 1216 eibi
404 1147 504 1214 nult?
546 1147 655 1235 plures
686 1147 868 1234 explicandi
897 1145 1038 1211 rafiones
1064 1145 1252 1232 propositae
1279 1156 1366 1211 sunt.
1472 1215 1473 1220 γ

315 1287 454 1352 namque
474 1265 668 1330 Parthenius
689 1263 837 1331 Muretus
858 1262 1078 1329 Mommsenus
1105 1261 1192 1346 (nist.
1206 1259 1312 1326 Rom.
1335 1283 1366 1324 ιιι

316 1380 393 1463 312)
417 1379 579 1448 Catullum
602 1379 723 1446 dixisse
742 1393 876 1446 censent
897 1405 904 1444 :
925 1373 1072 1445 ‘odissem
1094 1389 1144 1460 te,
1170 1376 1286 1459 Calue,
1308 1375 1366 1442 tali

317 1496 394 1562 odio
416 1497 503 1583 quali
525 1496 693 1562 Vatinium
716 1499 766 1582 (in
786 1521 855 1583 quo,
878 1507 915 1562 nt
935 1495 1037 1562 Vellei
1060 1494 1170 1560 histor.
1193 1515 1210 1558 ιι
1232 1493 1274 1558 69
1295 1515 1367 1558 uer

315 1614 366 1679 bie
394 1624 483 1696 utar,
513 1617 687 1690 deformitas
716 1615 854 1699 corporis
876 1635 943 1678 oum
965 1612 1149 1698 turpitudine
1170 1612 1305 1677 amatu
1322 1615 1367 1676 ὑι-
1472 1595 1473 1602 ¹

314 1731 415 1816 penis]
445 1753 556 1798 omnes
586 1732 731 1797 homines
758 1724 973 1796 insectentur'.
1016 1737 1129 1794 contra
1156 1727 1304 1795 Palladio
1333 1737 1368 1792 et

316 1848 505 1913 Drnmanno
536 1848 662 1932 (histor.
692 1847 828 1913 Βοιηιιι.
860 1870 881 1911 v
902 1846 980 1929 690,
1010 1845 1065 1929 76)
1094 1844 1202 1911 odium
1235 1844 1267 1909 id
1299 1865 1367 1932 qno

307 1963 433 2059 Cicero
456 1963 622 2030 Vatinium
649 1964 874 2052 insequeretur
902 1962 1118 2050 significatum
1144 1982 1215 2027 esse
1235 1959 1369 2026 uideba-

317 2089 378 2145 tur.
420 2090 457 2145 ut
484 2079 526 2144 de
552 2080 613 2146 hac
640 2081 819 2168 posteriore
840 2079 1104 2168 interpretatione
1126 2077 1238 2166 utique
1258 2077 1368 2166 inpro-

318 2196 424 2264 banda
451 2199 540 2280 (nam
569 2219 633 2284 quo
661 2195 757 2262 modo
778 2191 898 2262 ‘odium
921 2183 1139 2262 Vatinianum'
1159 2195 1192 2260 in
1215 2195 1277 2260 hoe
1299 2215 1368 2260 car·

317 2315 419 2397 mine,
451 2314 488 2380 in
505 2336 570 2400 quc
593 2313 759 2384 Ciceronis
781 2313 868 2379 nulla
890 2313 1019 2380 omnino
1042 2299 1162 2378 inentio
1191 2310 1280 2378 lacta
1307 2322 1368 2395 eet,

320 2431 359 2498 de
374 2431 471 2497 Tullii
494 2430 568 2497 odio
590 2430 713 2498 Vatinii
734 2429 854 2496 dictum
871 2449 941 2494 esse
961 2426 1108 2517 potasti)
1130 2427 1209 2494 nihil
1229 2428 1370 2515 amplius

320 2547 439 2630 dicam,
468 2548 508 2614 ud
536 2550 677 2635 priorem
706 2546 956 2634 explicationem
984 2544 1219 2612 defendendam
1248 2544 1280 2608 hi
1305 2544 1369 2610 loci

319 2663 438 2732 adferri
466 2675 611 2751 possunt
668 2662 814 2732 Senecae
845 2663 885 2730 de
917 2673 1020 2729 const.
1049 2685 1114 2749 sap.
1144 2661 1181 2726 17
1217 2661 1370 2727 Vatusium

318 2781 466 2846 homiuem
493 2793 596 2846 notum
618 2794 646 2846 et
672 2782 834 2846 edricum
860 2793 887 2844 et
906 2780 952 2844 cd
972 2779 1087 2844 odeum.
1129 2777 1289 2843 Macrobii
1309 2775 1370 2844 Sa·

318 2907 404 2962 turn.
442 2920 462 2962 ιι
494 2897 514 2961 6
546 2897 707 2981 lapidatore
736 2920 757 2961 o
788 2898 903 2982 populo
942 2895 1104 2970 Vatinius,
1140 2917 1208 2958 oum
1233 2875 1368 2982 'pudse-

321 3016 431 3080 torium
452 3037 563 3079 munuc
584 3016 690 3094 ederet,
711 3013 883 3078 obtrectarat
903 3025 937 3077 ut
954 3011 1070 3076 aeduus
1083 3013 1230 3074 atinam
1242 3033 1282 3075 ne
1295 3011 1370 3096 quia

320 3133 356 3196 iu
384 3154 514 3196 arcuum
540 3131 607 3196 uici
633 3153 752 3215 monum
781 3132 903 3195 minuce
930 3127 1028 3194 uellet.
1069 3127 1159 3213 forte
1188 3128 1232 3192 σὺ
1258 3127 1370 3192 diebus

322 3247 489 3313 Cascellr'us
509 3248 761 3328 norieoonnultuo
775 3246 926 3310 conndtue
940 3269 959 3310 o
974 3247 1102 3331 quodem
1115 3225 1190 3308 num
1202 3265 1264 3308 uua
1278 3248 1368 3329 phou

315 3387 439 3448 pomum
461 3377 554 3438 ecee,
583 3358 620 3427 ‘sc'
637 3369 670 3428 in
700 3363 852 3429 Vettiorum
873 3365 1019 3428 misenus
1040 3357 1089 3445 αι’,
1110 3363 1212 3447 coquit
1237 3356 1369 3446 ‘pomum

321 3470 380 3544 act’.
416 3480 530 3546 Dionis
552 3477 656 3546 Cassii
677 3501 811 3544 xxxxvn
834 3479 874 3543 21
897 3477 929 3543 ol
948 3473 1010 3564 yoip
1035 3481 1236 3562 στρατιῶται
1255 3467 1369 3556 cixilo-

319 3592 412 3673 μενοί
432 3616 469 3659 ra
489 3592 579 3678 αὐτῷ
601 3595 761 3682 (Vatinio)
785 3595 839 3662 καὶ
856 3585 1244 3682 προςκαταφρονὴσανιες
1261 3582 1369 3660 αὐτοῦ

322 3707 382 3776 διά
407 3701 501 3776 νόσον
527 3711 731 3798 μετέστησαν.
771 3711 937 3778 Ciceronis
964 3713 996 3776 in
1023 3711 1193 3777 Vatinium
1216 3713 1232 3774 l
1255 3711 1272 3774 1
1295 3709 1368 3776 ods'c

322 3829 377 3910 tus}
400 3829 435 3892 iu
456 3851 513 3914 quo
535 3832 597 3895 etei
615 3853 716 3894 omues
734 3841 862 3914 propter
882 3841 962 3892 tuum
982 3833 1012 3893 iu
1030 3851 1079 3892 me
1100 3827 1202 3894 coelus
1222 3849 1368 3912 otperm
