2954 4492
284 315 333 365 106
567 310 590 362 V
623 309 671 362 Du
688 305 867 362 AMORIBVS
885 306 1039 362 usurum

282 475 425 544 Marcius
446 475 618 566 Philippus
640 497 765 558 censor,
785 497 881 564 quem
902 475 998 542 modo
1020 475 1169 556 diximus
1193 494 1331 540 uxorem

285 592 427 660 aGcllio
443 593 585 683 quodam
609 594 763 678 relictam,
786 615 869 678 quae
883 593 958 660 huic
977 594 1091 658 marito
1109 591 1208 680 priori
1229 591 1331 656 lilium

282 721 471 800 pepererat,
502 710 553 776 cui
584 731 783 798 praenomen
812 709 906 776 Lucii
937 732 956 775 a
982 709 1152 776 scholiasta
1177 709 1333 774 tribuitur

283 837 316 895 et
337 828 377 896 de
391 848 456 915 quo
468 826 679 915 disputamus,
701 827 734 892 in
753 825 991 894 matrimonium
1007 825 1100 892 duxit
1121 835 1154 893 et
1175 849 1217 894 ex
1239 849 1279 893 ea
1292 825 1332 892 la

282 944 440 1011 Marcium
468 944 654 1034 Philippum
683 945 847 1011 consulem
877 967 905 1010 a
932 945 1050 1022 698156
1078 943 1178 1010 filium
1207 945 1333 1032 genuit.

284 1061 370 1151 quod
401 1061 638 1128 matrimonium
670 1061 755 1129 circa
785 1083 903 1128 annum
934 1061 1063 1149 septimi
1090 1061 1209 1128 sacculi
1241 1061 1332 1150 quin·

283 1179 506 1270 quagesimum
537 1179 651 1246 initum
684 1201 753 1245 esse
781 1202 822 1246 ex
855 1178 1025 1245 interuallo
1058 1177 1222 1266 conligere
1255 1177 1333 1243 licet

282 1297 369 1388 qnod
391 1298 476 1363 inter
505 1319 624 1363 annum
655 1295 794 1362 natalem
823 1294 921 1362 Gellii
949 1293 1100 1362 Clodiani
1127 1306 1160 1359 et
1187 1293 1333 1382 Philippi

281 1414 339 1480 lilii
360 1413 540 1480 intercedit.
582 1421 752 1501 praetereo
772 1411 915 1478 Gellium
943 1419 1089 1499 tempore
1118 1433 1182 1500 quo
1211 1409 1329 1478 Cicero

282 1531 465 1600 Sentianum
485 1529 599 1597 habuit
626 1530 785 1596 seniorem
814 1529 878 1594 ism
905 1529 1005 1596 fuisse
1032 1529 1107 1595 inde
1126 1539 1217 1617 putet
1239 1527 1329 1617 quod

281 1659 349 1715 tum
378 1647 446 1714 eius
477 1647 595 1714 sororis
622 1645 708 1712 filius
737 1644 922 1738 l’ostumius
952 1646 1071 1712 dudum
1102 1646 1231 1712 adultus
1262 1648 1330 1712 iam

281 1777 375 1854 pater
394 1764 567 1830 liberorum
590 1765 790 1852 conplurium
810 1763 880 1830 fuit
920 1786 962 1830 ex
983 1763 1031 1828 his
1054 1764 1202 1830 omnihus
1223 1762 1330 1852 sequi·

280 1893 335 1948 tur
348 1891 384 1948 ut
398 1880 526 1948 Gellius
546 1880 600 1946 ille
614 1880 719 1948 Clodii
740 1881 860 1947 amicus
880 1879 990 1947 multis
1011 1881 1103 1946 annis
1117 1889 1150 1947 et
1164 1879 1330 1948 Catullum

281 2009 314 2066 et
334 1998 485 2066 Lesbiam
506 1999 715 2064 antecesserit
741 2008 858 2065 aetate.
902 2020 986 2065 anno
1007 1997 1125 2076 696158
1146 1998 1241 2082 enim,
1263 2021 1329 2087 quo

281 2117 424 2183 carmine
445 2113 566 2182 Ostulli
587 2114 620 2179 in
643 2113 785 2181 Gellium
808 2115 926 2203 scriptu
947 2137 1018 2182 esse
1039 2115 1238 2193 iudicamus,
1267 2115 1329 2182 Oa·

281 2235 390 2318 tullus,
410 2234 437 2299 1ἱ
457 2233 597 2300 rutiones
618 2233 711 2300 nobis
733 2255 830 2320 supra
851 2234 1006 2322 probatae
1029 2241 1187 2316 constant,
1208 2255 1331 2300 annum

283 2349 567 2438 undetrigesimum
594 2348 709 2417 Glodia
731 2351 903 2439 septimum
925 2361 959 2417 et
978 2349 1177 2437 trigesimum
1203 2349 1332 2418 Gellius

282 2466 691 2556 duodequinquagesimum
713 2468 863 2555 agebant.
908 2465 999 2534 uider
1016 2468 1077 2534 hoc
1092 2467 1206 2534 aetatis
1220 2469 1330 2536 discri-

281 2587 367 2652 mine
389 2585 555 2673 uulgarem
578 2585 760 2672 opinionem
783 2585 877 2651 uelde
890 2585 1086 2652 labefactari.
1129 2607 1236 2676 neque
1251 2606 1331 2652 uero

281 2703 399 2770 desunt
427 2713 619 2790 argumenta
640 2701 758 2790 quihus
779 2702 887 2789 opinio
909 2703 1054 2790 uulgaris
1076 2703 1220 2770 funditus
1240 2726 1331 2770 euer-

281 2820 368 2888 titnr.
416 2830 530 2908 reputa
560 2841 680 2908 quueso
710 2820 799 2886 hacc.
844 2819 978 2907 triplicis
1006 2821 1167 2904 incestus,
1203 2823 1331 2888 utinm

282 2959 379 3025 supra
405 2939 627 3021 comunimus,
665 2936 812 3005 Catullus
845 2937 988 3005 Gellium
1022 2949 1162 3012 accuset.
1213 2939 1332 3006 fecisse

281 3057 365 3122 enim
397 3079 469 3122 eum
500 3079 571 3122 cum
603 3065 707 3123 metro
736 3064 768 3121 et
795 3077 869 3122 cum
896 3078 1006 3122 sorore
1028 3077 1184 3143 germane
1205 3066 1332 3123 etcum

281 3175 388 3261 patrui
411 3195 512 3241 uxore
534 3183 656 3262 stupra.
699 3173 739 3239 de
757 3183 871 3260 patruo
895 3175 1028 3262 eiusque
1049 3196 1152 3240 uxore
1174 3172 1251 3240 nihil
1274 3174 1332 3239 sci·

281 3314 362 3358 mus.
406 3291 506 3360 Gellii
529 3313 672 3357 sororem
694 3291 833 3380 aliquam
856 3288 971 3357 Cicero
992 3315 1053 3380 pro
1069 3291 1152 3359 Sest.
1167 3291 1185 3357 l.
1202 3315 1229 3357 c.
1248 3314 1332 3359 com·
1463 3347 1464 3360 ,

282 3410 484 3475 memorauit.
528 3431 612 3497 quse
633 3431 706 3475 cum
721 3433 750 3475 a.
770 3409 887 3486 698156
908 3409 972 3475 iam
994 3408 1116 3474 dudum
1137 3409 1211 3476 auia
1224 3409 1332 3494 fuerit,

282 3526 429 3592 dubitare
461 3526 536 3592 licet
567 3548 645 3592 num
677 3551 706 3592 s.
728 3527 845 3604 696158
867 3527 964 3592 ctiam
987 3537 1055 3593 tum
1076 3537 1142 3592 tam
1165 3527 1276 3592 ualens
1299 3536 1333 3593 et

280 3653 417 3709 uenuste
437 3643 543 3727 fuerit,
575 3667 671 3732 quam
694 3667 837 3711 sororem
857 3643 945 3710 illam
967 3667 1105 3733 quacum
1128 3644 1254 3711 Gellius
1276 3642 1332 3711 sd·

281 3762 442 3828 ulterahat
468 3761 567 3828 luisse
588 3760 736 3829 Catullus
757 3763 790 3828 in
813 3762 953 3828 carmine
976 3781 1132 3828 Lxxxvuu
1153 3763 1174 3826 2
1194 3763 1330 3828 rettulit.

283 3878 371 3968 quod
414 3877 633 3966 relinquamus
672 3879 704 3945 in
741 3901 906 3969 suspenso.
949 3879 1006 3945 ssd
1046 3879 1186 3948 Gellium
1221 3877 1331 3946 Clodii
