2922 4478
293 316 337 382 88
695 329 779 385 mn
795 331 915 386 ts-et

358 517 429 584 abit
449 519 484 583 in
507 517 616 601 quiete
636 517 732 583 molis·
754 517 888 584 rabidus
910 519 1003 585 furer
1023 522 1140 586 animi.

357 638 413 702 sed
436 639 493 702 ubi
517 638 582 702 eris
604 639 697 702 aurei
718 636 778 703 Sol
801 637 1008 704 radiantibus
1031 641 1138 704 oeulis

294 757 336 822 40
358 758 514 822 lustrauit
537 755 671 820 aethera
692 755 816 834 album,
839 756 910 822 sela
931 756 1024 832 dura,
1047 779 1139 823 mare
1163 759 1292 836 ferum,

361 877 551 960 pepulitque
572 875 678 940 noetis
700 876 835 940 umbras
858 877 983 960 uegetis
1006 877 1236 960 sonipedibus,

357 997 403 1061 ibi
427 995 573 1062 Somnus
595 995 739 1059 excitam
761 995 856 1059 Attin
879 996 1011 1079 fugiens
1034 997 1119 1061 eitus
1141 996 1249 1061 abiit:

360 1115 545 1199 trepidante
565 1135 638 1180 eum
660 1116 785 1197 recepit
806 1112 866 1179 dee
888 1114 1048 1181 Pasithea
1069 1117 1153 1181 sinu.

357 1237 405 1301 ita
425 1235 465 1299 de
488 1235 597 1318 quiete
618 1233 715 1298 melli
735 1233 851 1317 rapida
871 1235 945 1300 sine
966 1235 1058 1300 rabie

293 1357 335 1420 45
358 1352 456 1420 simul
480 1353 554 1436 ipsa
575 1361 705 1436 pectere
727 1353 818 1419 Attis
840 1373 902 1419 sua
922 1354 1009 1419 faeta
1030 1354 1176 1432 resoluit,

357 1473 548 1556 liquidaque
569 1483 680 1536 mente
701 1472 787 1537 uidit
808 1474 880 1538 sine
901 1476 996 1556 queis
1018 1473 1140 1556 ubique
1161 1475 1258 1552 toret

357 1593 469 1657 anime
491 1601 661 1657 aestuante
683 1613 799 1657 rusum
821 1593 964 1657 reditum
987 1593 1027 1657 ad
1050 1593 1136 1658 trude
1157 1595 1280 1658 tetulit.

356 1712 403 1778 ibi
424 1714 530 1776 maria
550 1719 646 1776 uasta
665 1712 779 1776 niseus
801 1711 1050 1778 lacrimantibus
1071 1712 1175 1778 oeulis

356 1833 498 1916 patriam
520 1831 667 1896 allocuta
688 1839 838 1896 maestest
859 1833 905 1896 ita
927 1853 1007 1897 uoee
1027 1832 1204 1898 miseritus.

293 1953 335 2016 50
357 1951 472 2033 ‘patrie
494 1971 513 2014 ο
535 1949 600 2015 mei
623 1951 774 2027 emetrix,
797 1951 904 2034 petria
925 1973 944 2016 o
965 1973 1040 2016 mea
1060 1952 1220 2036 genetrix,

355 2090 417 2152 ege
439 2089 538 2151 quem
560 2069 684 2134 misera
705 2069 905 2152 relinquens,
927 2069 1077 2136 dominos
1091 2080 1130 2135 ut
1143 2071 1320 2155 bsrifugae

354 2187 471 2253 tumuli
494 2187 610 2263 soient,
633 2187 674 2253 ad
698 2190 777 2254 Idae
798 2189 894 2254 tetuli
916 2211 1050 2256 nemora
1071 2190 1198 2274 pedem,

353 2317 392 2374 ut
414 2316 497 2392 aput
517 2309 632 2375 niuem
654 2317 688 2375 et
710 2311 853 2376 ferarum
876 2309 986 2395 gelida
1007 2309 1139 2376 stabula
1161 2310 1265 2376 forem

288 2515 322 2567 88
340 2517 411 2568 Abiit
433 2517 446 2566 ΙΙ
466 2517 547 2568 meilis
571 2517 584 2566 ΙΙ
602 2515 637 2568 39
654 2515 723 2570 beris
740 2517 823 2570 aureis
845 2517 859 2566 e
877 2515 913 2566 40
929 2515 968 2570 sol
985 2516 1066 2568 adura
1082 2517 1095 2564 ΙΙ
1114 2517 1149 2567 42
1167 2515 1274 2568 excitum
1290 2517 1303 2565 ΙΙ

287 2599 322 2652 te
344 2618 400 2652 eum
428 2603 440 2649 ΙΙ
465 2602 579 2669 pssitbee
608 2603 620 2650 tt
644 2603 677 2652 45
700 2602 755 2668 ipsa
784 2603 797 2650 ΙΙ
819 2601 854 2651 tt
876 2602 930 2652 sine
952 2618 1002 2666 que
1023 2601 1063 2652 his
1090 2601 1104 2650 ΙΙ
1124 2601 1157 2652 47
1181 2609 1311 2652 estuanter

288 2703 359 2737 usum
382 2686 396 2735 ΙΙ
420 2687 506 2737 retulit
528 2687 540 2735 tt
563 2688 598 2738 49
614 2686 724 2738 allocuta
740 2694 779 2737 eat
796 2687 832 2737 ita
849 2703 911 2737 ueee
929 2685 1056 2737 miseritus
1074 2686 1150 2751 (sacr.
1169 2686 1308 2754 miseriter)

288 2769 404 2821 maiestas
426 2770 439 2819 ΙΙ
458 2771 489 2821 el
509 2771 586 2822 miser
609 2772 622 2820 ΙΙ
642 2773 678 2822 52
695 2769 770 2822 retuli
788 2771 801 2820 e
824 2771 858 2822 53
877 2770 912 2822 Vt
929 2778 1004 2838 eaput

296 2921 419 2990 Vmaters')
436 2923 515 2989 spieii.
533 2925 570 2976 27
587 2935 610 2977 st
628 2925 713 2978 Vesrie
729 2929 779 2978 obs.
796 2925 850 2978 170
866 2925 962 2976 debetur
1029 2925 1065 2978 ³8
1081 2925 1150 2978 mut
1168 2924 1308 2992 (uultur)

289 3009 407 3076 rabidus]
430 3009 556 3076 Ra(bidus
573 3011 779 3074 arationibus,
802 3013 844 3076 qui
863 3013 958 3062 morbus
980 3011 1080 3062 eminus
1097 3013 1159 3078 est.)
1196 3010 1309 3062 cnutus

289 3095 552 3162 (spatiamentum
568 3097 680 3163 equuus
690 3098 774 3164 motui
786 3097 886 3148 neten·
899 3097 986 3162 (furor
996 3096 1090 3162 mene)
1103 3096 1189 3147 saus
1201 3096 1257 3146 273
1267 3093 1307 3147 et.

392 3183 426 3232 42
444 3181 548 3234 excitam
567 3181 751 3234 lemmatum:
769 3183 875 3234 excitum
896 3181 950 3234 Vm
1019 3180 1243 3248 &Trepidantem
1265 3173 1308 3256 βω

289 3263 358 3332 (Hs.)
446 3285 502 3319 eum
522 3261 578 3344 βωξ
599 3285 655 3320 mm
671 3267 695 3319 V
709 3285 783 3336 quem
802 3267 965 3318 t'roetticttus
982 3267 1122 3333 Trepidam
1139 3269 1214 3318 deum
1232 3267 1307 3316 meib

288 3352 342 3418 quia
412 3346 596 3429 ssnbidsfim
697 3354 801 3420 teipsa
816 3365 854 3407 m:
875 3353 929 3419 ipsa
954 3351 1099 3418 VSiltiqias
1113 3351 1202 3402 Rossb.

288 3435 322 3489 47
342 3455 425 3488 rusum
443 3433 495 3504 (V)
522 3437 639 3488 Victorius
662 3437 729 3504 apud
751 3437 902 3505 Spenyelium
925 3437 975 3490 lect.
998 3437 1050 3487 125
1071 3434 1184 3502 Seab'qer
1203 3433 1308 3501 (Ressb.

287 3519 377 3589 HP²)²
403 3541 501 3574 rursum
520 3517 564 3600 βω
719 3524 753 3575 49
775 3531 896 3576 nraestast
920 3523 974 3588 (uei
993 3530 1089 3574 maesta
1110 3521 1163 3586 set)
1190 3520 1226 3570 ita
1247 3535 1308 3570 unce

287 3605 411 3657 miseritos
433 3605 543 3660 Muretus
560 3627 586 3665 ω
603 3608 660 3660 Lea:
678 3617 719 3664 nst
735 3609 771 3660 ita
787 3626 849 3660 uena
867 3607 993 3660 miseritus
1010 3607 1128 3660 maiestas
1145 3605 1168 3656 V
1173 3605 1308 3662 miseritus,

287 3689 352 3752 qued
369 3690 506 3742 aenaeum
522 3705 569 3759 est,
593 3713 622 3745 ex
642 3695 668 3746 V
680 3695 797 3746 reuocant.
836 3709 899 3744 ueee
917 3702 957 3745 est
974 3693 1010 3744 ita
1030 3695 1089 3758 (est
1108 3691 1144 3742 its
1163 3707 1225 3742 unes
1245 3686 1309 3750 ald.)

285 3783 385 3828 ments
405 3775 530 3829 miseritur
551 3781 654 3831 vimnau
675 3801 699 3832 a.
722 3781 789 3831 1481
810 3777 950 3832 uidimus
1065 3779 1101 3829 50
1122 3793 1180 3827 mes
1200 3773 1307 3826 ereatrix

288 3859 332 3948 βω
356 3852 427 3926 (Hs.)
529 3866 561 3915 51
581 3863 672 3916 misera
691 3863 852 3917 statutus
870 3874 893 3914 et
909 3867 1046 3935 Barykias:
1073 3863 1149 3916 miser
1168 3859 1194 3912 V
1207 3879 1233 3918 ω
1262 3860 1308 3911 La
