2970 4484
273 349 321 398 tlt
543 345 593 397 vn
626 347 673 398 DE
691 345 834 400 mutante
851 345 1047 400 nmmtco

269 511 357 576 ronis
389 512 506 598 probat
534 511 591 599 qui
618 511 658 576 de
686 509 839 577 Memmio
862 519 988 576 oratore
1010 512 1043 577 in
1065 509 1168 578 Bruto
1191 511 1232 578 70
1252 511 1313 576 247

269 637 345 694 est:
369 626 409 693 Θ.
432 629 595 692 Memoriae
617 627 656 692 L.
686 631 711 703 f.
738 626 897 713 perfectus
923 629 1047 710 Maria,
1083 627 1139 694 sed
1176 628 1314 711 Graecia

262 742 462 828 fastidiosus
499 766 574 808 acac
605 743 787 810 Lanarum
817 769 827 809 .·
856 757 983 832 crputua
1021 758 1122 810 orator
1155 745 1315 831 ambisque

268 861 382 936 ciuica,
412 859 470 926 aad
486 860 623 948 sapiens
649 885 707 926 non
734 863 821 926 modo
850 860 979 926 dicendi
997 885 1104 927 caum
1126 867 1215 928 adnm
1235 866 1314 950 copi

269 979 361 1042 tondi
379 977 510 1042 laborem
520 1023 530 1059 ,
560 987 677 1042 tomum
702 976 770 1044 sibi
788 977 827 1042 de
849 977 995 1052 facultate
1016 977 1150 1044 detroait
1169 990 1318 1064 quantana.

269 1094 417 1160 inminuit
450 1095 625 1158 industriae.
673 1103 710 1159 ut
741 1092 843 1180 igitur
867 1094 899 1158 in
932 1092 1057 1180 ingenii
1097 1093 1225 1160 dotibus
1261 1117 1314 1160 ex·

268 1209 411 1276 colendis
438 1209 484 1276 ita
513 1210 611 1276 etiam
642 1211 675 1274 in
704 1210 790 1276 euris
820 1219 853 1275 et
881 1209 994 1276 officiis
1021 1209 1148 1276 cohorti
1170 1233 1248 1278 suae
1270 1213 1315 1276 in-

268 1325 447 1414 pendendis
468 1325 578 1412 segnis
599 1324 661 1393 fuit
681 1325 854 1392 Memmius
876 1335 908 1392 et
929 1321 1045 1392 lentus.

350 1475 389 1541 In
413 1474 587 1564 Bithynia,
619 1485 655 1540 ut
676 1475 740 1541 iam
761 1475 994 1560 iudicauimus,
1027 1473 1176 1543 Catullus
1198 1497 1315 1541 nauem

268 1592 329 1658 sibi
356 1591 546 1679 conparauit
576 1613 640 1678 qua
665 1601 703 1656 ut
729 1591 859 1658 domum
887 1591 1007 1658 rediret
1033 1601 1187 1659 uteretur.
1231 1615 1315 1680 quae

268 1732 340 1776 cum
370 1709 412 1774 ad
441 1709 525 1774 lares
555 1731 629 1774 suos
650 1731 740 1774 erum
762 1710 1008 1796 reportauisset,
1040 1709 1205 1774 emeritam
1227 1719 1260 1774 et
1280 1709 1313 1774 in

268 1827 341 1892 lacu
362 1825 492 1891 Benaco
514 1826 554 1892 ad
577 1823 773 1892 Sirmionem
793 1825 1031 1912 paeninsulam,
1064 1847 1149 1914 quoe
1170 1823 1312 1890 eiusdem

268 1942 315 2008 eri
336 1953 423 2025 erat,
455 1941 710 2028 requiescentem
738 1941 865 2009 Castori
895 1952 929 2009 et
956 1941 1080 2008 Polluci
1107 1941 1249 2008 carmine
1272 1964 1313 2007 ιιιι

267 2069 364 2147 poeta
390 2057 564 2125 dedicauit
603 2058 653 2124 his
685 2061 771 2124 enim
803 2059 910 2128 uerbis
939 2057 1086 2125 Catullus
1113 2057 1146 2125 in
1168 2058 1312 2126 carmine

266 2175 322 2242 illo
344 2185 489 2242 extremo
510 2174 676 2263 phaselum
697 2175 883 2263 loquentem
904 2174 981 2241 lecit
1002 2198 1010 2239 :

427 2374 522 2436 acque
541 2351 604 2415 ullo
624 2362 694 2417 uota
714 2351 882 2417 lincolniae
901 2354 963 2416 cleis

426 2467 486 2533 siti
505 2489 569 2532 cese
589 2466 680 2551 facta
700 2491 768 2533 cum
788 2473 903 2532 nannet
920 2492 942 2532 n
962 2467 1067 2533 morai

424 2589 583 2650 courum
603 2587 681 2651 lunc
703 2587 746 2650 od
764 2608 860 2672 usque
882 2585 1043 2672 limpidum
1065 2588 1174 2652 heum.

426 2704 481 2766 sed
500 2701 573 2766 laec
591 2703 682 2787 prins
702 2701 793 2786 fuere
812 2726 824 2766 .·
844 2723 922 2766 nunc
942 2701 1100 2768 recondita

423 2831 503 2884 senet
522 2821 620 2905 quiete
641 2842 729 2905 scqtoe
750 2819 875 2884 dedicat
894 2817 959 2902 tibi,

422 2935 547 3022 yemellc
569 2933 678 3001 Oostcr
699 2947 727 3000 at
744 2934 871 3020 pamella
895 2935 1033 3000 Oacoru

264 3123 350 3192 uiam
367 3150 463 3216 quam
484 3128 518 3192 in
539 3128 644 3194 reditu
665 3128 770 3194 tenuit
785 3126 932 3194 Catullus
952 3127 1022 3216 ipse
1044 3127 1077 3192 in
1099 3149 1195 3192 uersu
1215 3139 1307 3194 sexto

263 3253 296 3308 et
317 3245 524 3331 sequentibus
547 3244 726 3331 descripsit.
770 3245 871 3310 maria
893 3244 978 3310 enim
1000 3245 1052 3312 uel
1067 3245 1210 3333 locaper
1225 3267 1308 3334 quae

263 3361 315 3426 uel
344 3361 383 3426 ad
413 3382 497 3450 quae
521 3359 672 3448 phaselus
699 3361 878 3426 uehebatur
903 3371 1003 3428 testes
1033 3362 1207 3428 celeritatis
1237 3363 1306 3428 eius

261 3476 508 3564 inconparabilis
529 3475 617 3542 hisce
639 3477 747 3542 uerbis
769 3477 1002 3564 producuntur,

424 3675 452 3728 et
471 3663 527 3731 hoc
546 3677 639 3752 nepot
658 3669 787 3730 nunccis
807 3665 970 3731 Adriatici

424 3802 537 3866 nepote
558 3783 629 3846 litus
650 3783 811 3848 insultate
835 3781 982 3868 Cycladas

422 3895 619 3982 Medumque
639 3896 769 3962 natalem
791 3899 1006 3985 hastamque
1031 3897 1197 3964 Thraciam
