3002 4490
277 299 326 348 rea
475 293 527 346 xu
560 293 608 346 nu
625 293 733 346 emsa
751 293 952 346 uoarursro
968 293 1121 348 clavero
1209 259 1220 292 '

194 537 197 543 ¹
276 463 438 550 quandam
455 460 538 526 iuter
552 459 698 526 homines
708 481 834 526 morum
853 459 1086 547 elegantiorum
1100 463 1267 550 uulgarem
1283 483 1322 528 eu

194 641 201 652 ,
276 581 381 645 minus
409 577 498 643 aliud
525 577 699 663 quicquam
725 576 922 663 adgnoscere
950 577 1105 643 debemus
1126 601 1191 666 quo
1213 579 1323 646 luben·

275 695 339 762 tius
360 703 458 783 poeta
477 703 581 761 morte
600 691 710 760 neuls
729 715 855 782 nupera
876 696 1021 781 grauiter
1042 695 1189 762 adflictus
1203 696 1323 764 doloris

275 811 507 879 relaxationem
542 821 575 877 et
606 811 761 878 solacium
794 811 908 878 studiis
939 813 1076 899 poeticis
1113 835 1229 899 parare
1260 813 1323 879 sibi

275 928 418 996 uoluisse
439 929 542 995 uideri
562 937 679 1015 potest.
723 947 764 994 en
784 926 883 994 habes
905 949 1018 994 uersus
1039 950 1121 1015 quos
1143 929 1238 996 dixi:

376 1089 434 1162 aad
452 1107 552 1161 tumen
572 1099 603 1160 ios
624 1098 717 1159 taulis
737 1095 937 1173 maeroribus,
962 1095 1076 1174 Orlule,
1096 1098 1179 1162 mette

423 1213 498 1276 daec
519 1235 659 1297 cupresso
680 1213 735 1276 titt
754 1216 893 1276 carmina
914 1211 1077 1276 Battiadae

374 1351 412 1392 ue
432 1340 486 1392 teca
506 1330 591 1392 dicta
611 1329 708 1416 oayia
727 1329 915 1414 nequiquam
936 1327 1054 1394 credita
1074 1329 1172 1393 uentis

425 1443 582 1530 ffumac
603 1468 667 1509 mco
680 1443 769 1531 forte
785 1457 874 1530 putee
895 1450 1003 1510 animo.

275 1625 331 1690 sed
367 1625 461 1693 etiam
494 1627 520 1692 si
554 1647 682 1692 carmen
716 1646 786 1693 cxv
813 1647 912 1692 uerae
944 1623 1064 1693 Catulli
1095 1637 1129 1692 et
1153 1625 1320 1694 Hortensii

177 1733 180 1738 ⁵
274 1744 434 1810 amicitiae
454 1753 571 1810 testem
593 1745 711 1811 hebere
731 1744 857 1826 lubeat,
883 1742 962 1830 quid
979 1741 1119 1830 inpedit,
1147 1744 1174 1809 si
1196 1743 1229 1808 iu
1251 1765 1319 1810 car·

275 1858 359 1925 mine
385 1879 525 1926 Lxxxxv
546 1861 757 1928 Hortensium
786 1883 806 1926 a
833 1858 962 1927 Catullo
988 1859 1116 1926 inimice
1143 1869 1316 1928 cacatum

273 1975 476 2058 incenium,
511 1998 574 2065 quo
601 1977 706 2043 miuus
735 1977 805 2044 illos
833 1997 875 2042 ex
904 1975 1015 2042 amicis
1042 1977 1201 2042 inimicos
1216 1976 1319 2044 factos

274 2111 345 2156 esse
372 2091 578 2158 iudicamus?
621 2115 698 2158 uum
727 2091 789 2158 hoc
815 2091 847 2158 in
878 2091 1006 2161 Catullo
1038 2092 1147 2159 mirari
1178 2091 1319 2161 liceret?

273 2229 379 2274 nonne
401 2218 498 2296 poeta
517 2207 724 2292 Veronensis,
746 2221 783 2275 ut
803 2231 868 2275 uno
890 2211 1038 2297 exemplo
1062 2219 1143 2294 utar,
1165 2207 1319 2292 Gellium,

274 2325 326 2390 cui
347 2323 422 2390 olim
444 2335 476 2390 et
497 2324 559 2414 ipsi
581 2325 701 2392 amicus
721 2327 792 2410 fuit,
813 2325 865 2392 cui
886 2329 947 2414 ipsi
970 2349 1100 2415 queque
1119 2327 1197 2392 item
1223 2325 1319 2394 Galli·

273 2441 406 2507 machea
421 2443 562 2508 carmine
579 2445 627 2508 uti
642 2441 818 2510 Hortensio
835 2444 919 2512 dono
934 2443 1028 2528 misit,
1043 2453 1156 2532 postea
1173 2443 1318 2510 carmini·

272 2557 333 2624 bus
347 2558 510 2624 acerrimis
526 2569 715 2645 persecutus
731 2558 807 2626 eet‘?
849 2560 939 2626 uides
951 2559 1050 2648 igitur
1063 2583 1104 2626 ex
1123 2558 1218 2626 huius
1232 2560 1318 2626 modi

272 2673 568 2741 ratiocinationibus
596 2675 725 2741 decerni
748 2697 814 2742 nou
833 2697 928 2764 posse
949 2699 1027 2742 uum
1048 2677 1118 2742 iure
1139 2699 1180 2742 an
1201 2675 1319 2742 iniuria

271 2791 305 2858 in
320 2793 460 2858 carmine
476 2811 616 2858 Lxxxxv
623 2792 818 2860 Hortensius
833 2802 1098 2860 commemoratus
1114 2797 1165 2860 sit.
1177 2829 1212 2842 -
1225 2792 1318 2862 Gete-

272 2929 344 2973 rum
365 2906 407 2974 de
427 2909 570 2976 carmine
590 2929 659 2975 uxr
681 2908 882 2976 emendando
902 2909 965 2974 iam
987 2910 1085 2997 louge
1100 2909 1194 2976 aliter
1212 2911 1317 2976 sentio

272 3046 369 3112 quam
401 3025 502 3114 supra'
523 3026 570 3113 (p.
594 3025 667 3109 180)
689 3025 889 3092 Lachmauni
909 3027 1145 3092 restitutionem
1166 3025 1316 3092 carminis

271 3141 357 3208 illius
374 3141 514 3229 probans
528 3142 605 3208 dixi.
642 3164 812 3231 quaecum
828 3143 1010 3222 scriberem,
1031 3141 1188 3210 Friderici
1202 3142 1317 3212 Haaaii

272 3257 547 3324 miscellaneorum
568 3258 835 3348 philologieomm
852 3260 980 3328 librom
1002 3258 1217 3326 Vratislauise
1230 3281 1317 3326 auno

273 3375 352 3440 1861
385 3375 472 3442 edito
503 3399 569 3442 uon
598 3375 674 3441 dum
702 3375 749 3442 uti
777 3375 854 3440 mihi
876 3375 982 3455 licuit,
1003 3375 1037 3441 in
1059 3377 1150 3441 cuiue
1169 3377 1275 3464 capite
1296 3399 1318 3440 ιι

272 3493 318 3580 (p.
334 3492 469 3578 13-16)
484 3492 534 3559 uir
545 3493 598 3558 ille
612 3491 762 3579 egregius
779 3513 907 3558 carmen
921 3511 990 3557 uxv
1007 3499 1040 3557 et
1050 3513 1180 3559 carmen
1198 3511 1231 3558 οι
1253 3514 1318 3558 una

270 3609 497 3674 emendatione
526 3609 676 3676 incohata
706 3607 834 3696 quidem
862 3609 902 3674 ab
930 3607 1001 3674 aliis
1027 3606 1105 3674 uiris
1132 3609 1238 3674 doctis
1258 3629 1317 3674 uec

270 3735 379 3790 tamen
400 3726 543 3814 perfecta
565 3726 685 3814 optimo
706 3724 842 3792 sensuit
884 3725 1003 3791 etenim
1018 3725 1235 3792 Rossbachius
1251 3725 1315 3790 iam

271 3841 303 3908 iu
334 3840 475 3910 editione
506 3843 582 3909 anni
612 3842 693 3909 1854
724 3843 770 3931 (p.
794 3843 865 3925 xvc)
886 3841 965 3906 haee
987 3839 1114 3929 scripsit
1135 3864 1143 3905 ι
1164 3863 1275 3908 uersus
1293 3843 1316 3907 9
