2920 4492
238 347 271 394 14
514 343 525 393 l
559 343 607 396 DF·
624 341 817 396 sommare
833 343 988 398 curvum

235 507 330 574 dtulo
360 507 493 575 aliorum
525 517 558 574 et
585 509 792 575 bonorumet
812 511 1029 597 antiquiorum
1054 509 1199 574 oodioum
1222 509 1284 574 dis-

237 637 348 713 erepet
368 601 548 713 insigniter.
593 624 699 714 quid‘i
720 626 806 712 qnod
829 626 860 691 in
883 626 994 692 codiee
1009 627 1282 712 sangermanensi

237 741 377 809 omnium
401 743 518 830 quibus
538 741 656 809 Catulli
687 743 769 811 liber
796 743 924 830 integer
952 745 1034 809 inest
1063 742 1282 830 antiquissimo

235 860 380 925 carmina
422 870 539 948 poetae
580 859 629 924 his
677 860 786 925 uerbis
835 860 989 945 inscripta
1040 869 1116 924 sunt
1170 859 1285 924 Oasotta'

245 976 441 1042 Veronensis.
455 977 530 1041 liber
560 981 670 1061 incipit.
712 976 768 1040 Ad
797 977 990 1052 Corneliam,
1023 974 1140 1062 quibus
1171 975 1283 1040 titulus

236 1092 356 1159 oodloie
378 1093 406 1157 L
429 1092 608 1160 simillimus
623 1102 673 1158 est
690 1091 742 1157 hio
759 1093 871 1158 Oatnlli
889 1094 1065 1158 Veronensis
1077 1105 1186 1179 poetae
1205 1093 1284 1156 liber·

237 1211 351 1295 insipit
370 1233 378 1276 t
399 1231 473 1275 nam
500 1208 532 1274 in
555 1210 583 1274 L
605 1207 737 1274 additur
766 1209 961 1275 uocabulum
988 1221 1114 1295 poetae,
1145 1207 1186 1273 de
1215 1227 1281 1296 quo

237 1325 463 1393 Lachmannus
493 1325 572 1390 nihil
607 1326 739 1392 rettulit
794 1337 907 1391 eontra
938 1324 1144 1412 interpolatio
1174 1323 1281 1412 paullo

236 1444 389 1510 audacior
409 1453 459 1509 est
481 1451 512 1506 et
540 1443 573 1506 in
596 1442 803 1528 inscriptione
831 1440 950 1506 codicis
982 1439 1120 1506 Parisini
1148 1440 1281 1504 alterius

237 1559 307 1644 (1³1)
331 1557 448 1624 Catulli
467 1559 646 1624 Veronensis
665 1573 773 1644 poetae
793 1557 927 1623 Wnsnae
948 1557 994 1622 od
1012 1557 1183 1621 Comeliom
1203 1555 1281 1620 liber

234 1678 348 1762 nosipsi
377 1685 410 1740 et
440 1677 472 1740 iu
503 1676 614 1740 codiee
643 1675 886 1762 Hamburgenei
912 1674 959 1738 its
984 1671 1137 1760 inscripto
1168 1671 1283 1738 Omullr

243 1793 418 1858 Veronensis
444 1804 551 1878 poetae
578 1792 708 1857 illustris
733 1793 845 1876 ancipit
863 1792 999 1876 *salinator
1023 1789 1068 1854 ad
1096 1789 1279 1856 Gemelrirnr.

235 1908 373 1997 denique
394 1909 427 1974 iu
442 1909 589 1974 Parisino
612 1909 713 1974 altero
731 1907 802 1992 (1³2)
816 1906 881 1972 Oai.
893 1907 1007 1974 Oatulli
1025 1907 1200 1974 Veronensis
1207 1931 1280 1993 poe-

234 2039 284 2092 tae
303 2025 494 2092 celeberrimi
509 2027 585 2092 liber
598 2025 737 2111 feliciter
756 2027 865 2110 inscipit,
890 2027 933 2089 od
953 2024 1127 2090 Oornelinm
1149 2023 1280 2090 Gallum

235 2154 267 2208 e
288 2143 738 2210 taruennensem.
759 2143 946 2208 remma.
982 2143 1080 2207 eree
1094 2141 1123 2207 1.
1138 2116 1207 2206 ni.
1223 2141 1278 2224 (e

233 2261 424 2328 Rossbachii
451 2281 657 2348 programma
678 2259 896 2325 Vratislauiae
925 2279 1010 2324 anno
1034 2257 1114 2323 1869
1143 2255 1280 2340 editum)

233 2377 515 2464 interpolationem
547 2377 707 2442 uberrime
739 2376 949 2464 pullulantem
984 2373 1279 2441 animaduertisses.

233 2516 312 2580 ergo
333 2493 495 2581 reputanti
517 2493 592 2557 mihi
617 2514 701 2579 quae
722 2495 764 2558 eit
783 2494 898 2557 horum
919 2493 1073 2558 librorum
1104 2489 1287 2558 auotoritas

233 2621 264 2676 et
293 2610 324 2675 in
353 2609 564 2676 inscribendis
589 2609 790 2696 potissimum
814 2609 902 2676 libris
925 2609 1046 2675 sambae
1067 2607 1109 2675 ad
1131 2608 1279 2674 addenda

231 2749 295 2793 non
317 2728 405 2792 nullo
427 2728 528 2794 multo
550 2727 653 2814 magis
674 2726 842 2792 inclinasse
864 2749 959 2814 qnam
981 2727 1021 2792 ad
1044 2725 1166 2812 aliquid
1188 2725 1278 2790 omit·

231 2845 373 2923 tendum,
395 2844 426 2907 id
450 2842 537 2930 quod
560 2843 656 2907 etiam
678 2841 831 2910 Osannus
852 2845 893 2908 de
911 2842 1030 2910 Catulli
1052 2853 1167 2930 poetae
1188 2865 1278 2931 pree·

230 2960 415 3044 nomine(in
427 2971 597 3024 comment.
610 2959 720 3024 semin.
732 2961 839 3048 philol.
850 2961 992 3027 Gissens.
1006 2983 1090 3047 epea
1104 2979 1133 3024 11
1145 2985 1173 3027 a.
1183 2961 1278 3044 rete)

230 3103 259 3166 p.
284 3079 323 3143 13
344 3088 432 3142 recte
453 3077 640 3160 ednotauit‚
663 3100 727 3142 non
749 3078 878 3142 uidetur
899 3099 969 3144 esse
991 3079 1123 3143 dubium
1144 3081 1221 3166 quin
1244 3079 1276 3142 in

231 3194 408 3282 exemplari
428 3193 514 3259 uu'de
535 3195 636 3258 nostri
658 3216 768 3258 omnes
792 3191 919 3259 eodiaes
941 3194 1077 3260 deriuati
1100 3205 1177 3260 suut
1197 3195 1277 3259 baec

228 3312 395 3397 inscriptio
416 3321 550 3376 exarata
572 3310 669 3376 fuerit
692 3309 802 3376 Ootnlli
829 3311 1006 3377 Veronensis
1026 3311 1100 3376 lr'ber
1120 3315 1224 3398 tropat
1242 3323 1276 3376 et

229 3426 380 3514 quicquid
404 3439 535 3515 superet
556 3429 595 3492 sd
618 3427 865 3515 interpolatores
882 3427 1084 3494 referendum
1107 3427 1157 3494 sit
1192 3449 1278 3517 quae

228 3545 254 3610 si
278 3544 346 3608 neri
368 3535 513 3639 similiter
534 3545 712 3632 disputaui,
740 3545 781 3624 Q.
804 3554 913 3610 notam
937 3546 968 3610 in
993 3546 1121 3611 Datano
1144 3545 1276 3612 Rioesr-

230 3660 326 3726 diano
348 3659 524 3727 (laineiano
547 3661 686 3726 additam
709 3662 844 3751 adparet
865 3663 985 3728 nullius
1006 3685 1076 3728 esse
1096 3661 1181 3727 fidei.

312 3779 358 3843 At
387 3801 494 3844 uonne
526 3773 621 3844 Plinii
649 3779 829 3845 testimonio
852 3778 964 3860 Quinti
995 3801 1190 3867 praenomen
1213 3778 1274 3846 On-

228 3895 307 3961 tullo
328 3895 449 3981 optime
471 3895 680 3960 uindicatur?
717 3897 770 3962 ille
791 3897 919 3984 quidem
942 3896 974 3960 iu
990 3897 1124 3962 historia
1137 3897 1273 3962 naturali
