2954 4492
283 371 331 420 las
566 366 590 421 V
622 367 672 420 DE
688 365 868 420 anomavs
885 366 1038 420 curvam

280 533 342 598 hoe
365 543 415 599 est
436 555 519 599 enno
534 533 653 611 694160
669 544 824 616 extremo,
846 532 1050 623 conpositum
1065 555 1135 600 esse
1150 532 1328 617 docuimus,

280 659 377 739 poeta
397 650 489 716 initia
509 653 558 717 sui
580 652 698 718 amoris
719 653 879 736 narrauit,
909 662 1017 717 tamen
1040 673 1080 717 ne
1102 651 1239 717 uerbum
1261 650 1329 739 qui-

281 766 355 833 dem
388 767 510 834 addidit
538 789 604 856 quo
636 791 694 855 per
714 769 867 856 temporis
888 769 1028 856 spatium
1048 767 1179 835 biennio
1201 769 1330 855 longius

281 883 398 950 amoris
419 883 503 950 illius
523 884 710 952 felicitatem
732 886 865 951 durasse
885 895 1001 973 putare
1021 906 1220 973 cogeremur.
1263 907 1330 952 crc-

281 1001 385 1068 dimus
407 1001 506 1089 igitur
532 1025 560 1066 a.
576 1001 691 1080 693161
708 999 856 1068 Clodiam
873 1025 892 1068 a
907 999 1037 1069 Catullo
1057 1003 1159 1068 amari
1180 1011 1329 1090 coeptam

280 1141 352 1184 esse
379 1141 387 1182 :
417 1140 481 1206 quo
514 1141 599 1185 anuo
632 1116 778 1185 Catsdlus
817 1141 937 1186 annum
976 1119 1169 1206 trigesimum
1201 1130 1330 1186 senum

280 1235 396 1302 Clodia
417 1257 539 1302 annum
560 1236 674 1302 aetatis
695 1236 898 1323 trigesimum
919 1237 1050 1302 tertium
1071 1235 1224 1323 agebant.
1267 1236 1330 1301 lor·

279 1361 367 1420 tasse
387 1354 547 1441 quispiam
568 1353 700 1420 moleste
723 1353 830 1420 ferens
852 1352 1014 1420 Catullum
1037 1351 1185 1420 Clodiam
1207 1363 1331 1440 septem

281 1471 373 1536 annis
405 1479 484 1536 natu
517 1491 552 1536 se
584 1461 739 1536 maiorem
771 1471 928 1536 amauisse
960 1469 1037 1537 inde
1072 1470 1257 1558 scrupulum
1289 1469 1331 1535 de

281 1586 418 1654 ueritate
440 1596 570 1653 nostrae
592 1587 633 1653 de
653 1586 790 1671 Lesbia,
821 1610 920 1676 quarn
950 1586 1085 1653 eandem
1114 1611 1152 1653 ao
1180 1587 1330 1654 Clodiam

280 1704 543 1791 quadrantariam
574 1705 673 1770 fuisse
701 1703 942 1790 contendimus,
977 1704 1155 1770 sententiae
1180 1691 1334 1771 mouerit'

281 1845 378 1911 quem
406 1821 556 1889 facillime
584 1844 752 1888 remouere
781 1823 856 1888 licet
881 1821 1114 1910 simplicissimo
1137 1830 1330 1908 argumento

281 1938 436 2008 adhibito.
488 1963 530 2006 ex
559 1937 726 2006 Ciceronis
756 1938 909 2006 Caeliana
943 1947 1070 2005 constat
1096 1937 1243 2005 Clodiam
1271 1960 1332 2026 per

281 2067 407 2143 tempus
429 2055 561 2143 aliquod
582 2079 603 2121 a
624 2055 670 2122 M.
693 2055 804 2124 Caelio
826 2055 912 2123 Ruso
941 2065 1080 2123 amatam
1103 2077 1173 2121 esse
1193 2080 1202 2122 ε
1224 2066 1257 2121 et
1279 2055 1331 2121 hic

281 2172 412 2241 Caelius
443 2175 612 2242 duodecim
644 2175 736 2242 annis
768 2173 883 2243 Clodia
910 2185 988 2240 natu
1014 2176 1120 2241 minor
1149 2171 1227 2254 fuit,
1257 2195 1330 2239 cum

280 2301 356 2358 ante
384 2290 414 2360 d.
442 2313 465 2355 v
486 2292 550 2358 kal.
575 2293 648 2359 Iun
677 2293 754 2360 anni
779 2292 899 2370 672182
927 2301 1022 2360 natus
1051 2301 1135 2359 esset
1162 2291 1217 2375 (cf.
1246 2290 1330 2356 Plio.
1456 2323 1459 2330 ¹

280 2407 349 2475 HN
368 2413 411 2474 vir
430 2408 498 2494 50).

364 2525 435 2591 Iam
481 2525 704 2614 quaerendum
737 2535 786 2592 est
822 2527 952 2615 quando
989 2525 1135 2594 Catullus
1179 2522 1330 2592 Clodiam

280 2665 390 2710 amare
417 2643 549 2709 desierit
577 2653 610 2708 et
641 2643 827 2710 deseruerit
877 2642 1050 2730 Helbigins
1078 2654 1111 2710 et
1137 2639 1327 2730 Iungclsus·

280 2783 376 2827 senus
404 2761 438 2826 in
470 2783 508 2828 eo
532 2760 737 2826 consentiunt
766 2760 853 2849 quod
878 2783 942 2849 quo
964 2771 1108 2847 tempore
1130 2757 1246 2826 Cicero
1268 2781 1329 2847 pro

280 2879 392 2947 Caelio
420 2878 539 2946 dixerit
560 2877 727 2945 Catullum
747 2879 811 2944 iam
833 2901 853 2944 a
873 2877 1104 2944 cousuetudine
1127 2874 1260 2944 Clodiae
1281 2899 1330 2942 re

280 2997 415 3063 cessisse
444 3006 592 3063 statuunt
623 3018 631 3061 :
662 2997 715 3061 oui
744 2995 924 3062 sententiae
952 2993 1065 3081 utique
1092 2993 1330 3081 astipulandum

279 3123 338 3179 est
381 3123 418 3179 ut
439 3113 625 3181 adcuratius
646 3113 898 3201 inuestigemus,
919 3134 996 3194 nos,
1017 3134 1090 3178 oum
1110 3109 1225 3178 Cicero
1248 3107 1330 3177 Cae·

278 3230 356 3297 lium
378 3252 454 3296 uere
475 3255 503 3298 a.
517 3229 636 3308 698166
652 3229 781 3297 Catullo
802 3252 868 3295 uon
889 3230 966 3295 dum
987 3227 1177 3317 eBithyuia
1196 3249 1330 3296 reuerso

280 3348 464 3414 defenderit
492 3357 526 3414 et
547 3370 631 3414 anno
653 3347 769 3427 697167
790 3346 937 3415 Catullus
957 3349 990 3413 in
1012 3345 1169 3434 Bithynia
1189 3367 1330 3412 commo·

279 3475 368 3532 ratus
404 3465 461 3549 sit,
496 3464 538 3531 ad
571 3487 690 3532 annum
723 3465 840 3544 696168
869 3465 1033 3548 ducimur,
1080 3486 1144 3553 quo
1179 3462 1330 3531 Catullus

279 3581 414 3649 Clodiae
447 3603 591 3648 amorem
624 3582 825 3648 renuntiasse
854 3581 1018 3670 putandus
1047 3579 1089 3646 sit
1110 3607 1117 3646 ε
1138 3583 1195 3670 qui
1223 3604 1329 3649 annus

278 3696 363 3763 idem
386 3708 435 3763 cst
455 3719 520 3784 quo
543 3721 633 3766 amor
648 3697 753 3766 Caelii
767 3709 801 3764 et
815 3697 950 3764 Clodiae
971 3695 1112 3763 maxime
1131 3697 1221 3764 arsit.
1263 3719 1330 3785 qua

279 3814 474 3902 requieque
507 3814 667 3903 intellegit
696 3836 794 3901 quam
823 3813 955 3902 egregie
981 3813 1158 3880 sententiae
1185 3813 1230 3879 illi
1258 3837 1329 3881 suc·

280 3943 436 4000 curratur.
479 3942 648 4020 praeterea
665 3932 745 3999 haec
766 3931 866 4020 digua
887 3941 963 3998 sunt
977 3951 1061 4018 quae
1076 3931 1328 4019 perpendantur.
