2950 4480
268 255 426 324 XXVIII

270 460 451 544 scripturae
476 460 580 542 ipsius
603 459 851 539 obscuritatem,
874 460 931 526 sed
954 461 1056 528 etium
1077 471 1211 545 propter
1234 461 1294 526 ba·

271 580 379 646 bitum
401 579 577 656 misorum,
608 599 673 662 quo
703 581 768 644 iam
792 589 865 644 tum
887 601 962 646 cum
985 580 1177 664 exemplum
1199 602 1296 646 uoro-

270 719 371 764 nense
393 697 469 764 iudo
491 699 721 764 oxoribebatur
736 698 908 766 laborauit.
939 700 969 764 is
984 699 1093 764 offecit
1107 710 1144 764 ut
1158 698 1291 765 litterae

271 817 419 904 syllabae
447 817 606 882 uocabula
633 839 750 882 uersus
778 815 867 882 houd
894 838 974 882 sano
1001 819 1096 904 pauci
1124 818 1206 882 adeo
1234 818 1295 884 ob·

270 945 481 1002 mutarentur
503 946 541 1001 ut
562 944 635 1013 urst,
664 937 743 1020 quia
765 937 900 1002 omniuo
923 959 989 1002 nou
1012 938 1079 1022 logi
1101 947 1295 1019 potueruut,

271 1058 415 1142 perirent
436 1069 501 1133 aut,
525 1056 602 1140 quia
623 1077 741 1140 parum
757 1054 918 1139 explicari
932 1063 1123 1140 potuerunt,
1146 1058 1296 1142 grauiter

273 1185 568 1259 corrumperentur.

374 1293 468 1358 Haec
489 1294 601 1358 omnia
622 1301 656 1358 et
676 1313 761 1376 quus
783 1313 884 1376 supra
906 1293 947 1358 de
968 1295 1094 1378 origine
1117 1304 1149 1358 ot
1174 1315 1295 1378 cogua-

273 1414 362 1478 tiono
372 1412 534 1478 librorum
545 1411 802 1476 cotulliauorum
814 1412 962 1494 exposita
972 1419 1053 1477 suut
1063 1413 1092 1477 si
1105 1421 1295 1496 spectamus

274 1541 370 1614 utque
393 1533 422 1596 si
444 1539 635 1617 reputamus
657 1529 768 1612 qualia
797 1531 979 1614 scripturae
1000 1552 1121 1614 genera
1147 1542 1293 1616 temporo

273 1672 311 1718 oo
341 1650 427 1734 quod
456 1651 562 1716 dicam
591 1648 714 1716 usitata
740 1649 878 1724 fuerint,
907 1649 993 1714 nihil
1020 1649 1151 1716 obstare
1177 1671 1293 1716 censeo

273 1791 337 1853 quo
363 1770 474 1835 miuus
501 1777 615 1834 octauo
641 1769 710 1834 fero
731 1777 807 1851 poet
828 1767 1001 1835 Christum
1023 1779 1139 1836 netum
1162 1771 1293 1836 saeculo

273 1861 489 1974 archetypum
507 1887 580 1952 libri
597 1887 770 1954 catullioni
784 1887 1010 1972 adsignemus:
1035 1888 1142 1954 eidem
1161 1890 1293 1955 saeculo

274 2010 327 2074 oui
340 2007 582 2094 suprapXVII
590 2007 780 2092 exemplum
792 2007 960 2092 gallicum,
973 2007 1106 2092 quoder
1116 2009 1293 2094 archetypo

275 2147 407 2194 carmen
428 2143 488 2184 oxu
507 2135 696 2192 mutuatum
724 2135 788 2204 est,
819 2126 1041 2192 attribuimus.
1093 2129 1154 2194 boo
1182 2127 1292 2194 arohe-

278 2261 395 2333 typum
418 2247 526 2333 ipsum
550 2268 593 2312 ex
614 2246 766 2330 exemplo
788 2246 910 2311 littoris
937 2246 1132 2329 capitalibus
1154 2247 1210 2312 uel
1232 2266 1293 2311 uu·

276 2365 415 2434 cialibus
442 2367 623 2449 conscripto
655 2364 792 2430 ductum
825 2384 896 2430 esso
927 2367 998 2430 ueri
1030 2386 1098 2430 non
1131 2365 1292 2431 dissimile

276 2497 335 2565 est,
357 2487 412 2551 secl
437 2485 559 2550 indicia
580 2484 705 2551 rariora
726 2493 840 2550 extent
861 2505 961 2568 quam
982 2492 1021 2549 ut
1034 2485 1115 2550 hoco
1129 2485 1292 2550 eontentio

147 2659 149 2666 .
278 2607 361 2673 satis
388 2605 531 2670 stabiliri
563 2603 679 2688 possit.
731 2605 840 2670 uosoio
868 2624 910 2669 au
940 2601 1004 2669 buo
1031 2604 1202 2670 referenda
1228 2606 1294 2668 sint

277 2725 369 2790 haec:
392 2725 537 2788 uxV1¹141
555 2727 630 2805 Qua
644 2744 692 2788 use
705 2723 828 2808 Allius]
852 2726 960 2804 Quom
967 2724 1098 2807 follius.
1121 2725 1158 2790 of.
1182 2723 1292 2805 QUA-

278 2839 517 2908 MEALLIUS
530 2839 908 2922 otQUAMFAuLIUS
925 2842 1104 2925 [lunum
1115 2842 1293 2928 Erechthei]

272 2963 363 3046 freti
386 2960 424 3025 cf.
437 2957 640 3026 Eclectum
652 2960 709 3044 (an
721 2961 841 3025 rectius
852 2959 1293 3045 uuucr1=ureehuul³p

277 3089 311 3145 ot
332 3079 472 3144 FRII'I'I
495 3082 507 3162 ΙΙ
531 3077 662 3144 “1206
684 3078 820 3163 osrieoc']
842 3080 944 3144 mcci.
989 3081 1028 3144 cf.
1050 3077 1240 3145 AFRIOIII
1263 3089 1295 3144 et

278 3195 1294 3285 AERIOIII(u.suprap.XVIIII)llxnssecperirie]soperibcu.

278 3318 317 3383 cf.
327 3315 581 3382 IIXPIIRIRIS
593 3325 626 3382 et
636 3315 1007 3402 EXPERIBUSllxcvu
1022 3337 1039 3388 5
1052 3317 1293 3406 sesquipedalis]

277 3437 534 3524 esseqmooato.
557 3437 597 3505 of.
613 3435 819 3504 PEDALIS
831 3447 865 3504 et
876 3437 1085 3506 DIIDALIS
1101 3442 1114 3524 fl
1128 3454 1220 3498 uxum
1236 3437 1296 3503 143

278 3558 413 3643 mora]
436 3559 574 3626 demtra.
619 3559 680 3625 hoo
702 3567 753 3624 est
774 3561 917 3626 decore.
961 3561 999 3628 ef.
1022 3557 1243 3626 DEXSIRA
1265 3569 1297 3625 ot

278 3673 497 3743 DEASIIRA
510 3679 565 3762 θ’).

288 3883 291 3898 ,
346 3831 377 3883 ιι
397 3831 429 3890 ec
447 3829 635 3904 umus-p.
655 3833 703 3886 ros
788 3834 865 3892 sau.
883 3835 984 3890 unone
1002 3851 1035 3894 ιιι
1053 3833 1296 3894 omoussrour
