2954 4492
307 349 355 402 150
573 343 611 398 v1
646 345 697 398 DE
715 341 893 396 stabulaus
913 339 1067 394 uam}

306 514 467 602 quadrant
487 535 495 577 ε
516 513 549 577 in
570 512 682 600 primis
702 512 803 578 uerbo
822 501 974 593 ‘cinaedi',
1006 528 1071 596 quo
1092 507 1182 573 illum
1200 505 1350 575 Catullus

302 629 496 718 adloquitur,
518 629 679 696 sententia
699 640 811 695 nostra
824 626 919 692 uelde
939 625 1119 692 adunatur.
1161 623 1348 689 quentium

301 747 396 831 enim,
420 745 567 836 quamuis
589 769 607 812 e
627 745 728 812 nobili
750 754 847 832 gente
869 743 1023 809 oriundus
1044 749 1129 807 assat
1150 741 1208 824 (el.
1229 761 1306 806 xxm
1329 741 1346 804 1
1462 767 1463 776 2

512 911 540 977 O
560 911 618 998 qm·
627 911 782 996 flosculus
803 933 836 974 es
857 907 1072 988 quentiorum,

502 1027 688 1092 avulsorum
710 1028 807 1103 modo,
830 1025 887 1091 aed
906 1035 975 1112 quot
994 1035 1048 1089 aul
1067 1021 1195 1109 fueruat

503 1153 558 1207 aul
577 1143 706 1227 posthac
728 1143 801 1208 aliis
822 1155 909 1207 eoum
929 1146 958 1206 in
980 1139 1096 1224 onais),

302 1339 410 1393 samm
431 1325 520 1392 Furii
551 1335 584 1392 et
609 1326 736 1392 Aurelii
762 1324 887 1392 libidini
908 1324 1067 1392 nefandae
1087 1345 1122 1388 se
1142 1322 1347 1428 prostituisse

302 1443 335 1508 in
349 1454 464 1530 aperto
479 1453 537 1509 esu
579 1465 620 1509 ne
636 1465 732 1532 quem
748 1453 853 1510 autem
872 1442 1023 1509 nobilitas
1037 1441 1179 1508 quentii
1193 1439 1346 1518 offendat,

303 1559 469 1626 Ciceronis
499 1560 540 1625 sd
560 1561 704 1628 Atticum
726 1585 734 1625 ι
759 1561 797 1626 16
818 1561 839 1626 5
860 1561 962 1626 uerba
989 1559 1116 1624 adlerre
1136 1559 1228 1625 lubet
1256 1559 1347 1638 bueo,
1462 1537 1463 1586 ³

302 1681 391 1742 mom
429 1689 529 1744 noobs
562 1691 711 1752 ammaum
741 1680 901 1744 muliorum
932 1689 1023 1765 osque
1052 1676 1348 1742 adulescentulorum

302 1794 453 1860 ooda‘lshm
474 1794 715 1861 introductiones
743 1817 803 1859 non
829 1794 924 1860 nullis
949 1793 1105 1860 ludioshus
1124 1817 1184 1879 pro
1204 1796 1348 1860 mercedis

302 1913 418 1976 mumulo
448 1909 583 1994 sununs
626 1911 721 1976 otiam
753 1920 964 1998 tempusque
994 1911 1175 1978 neeessario
1201 1910 1347 1977 Catullus

302 2050 430 2092 carmon
452 2051 520 2092 xxv
540 2029 677 2115 scripsit,
699 2051 772 2094 oum
793 2037 938 2116 tempore
953 2027 1004 2094 oui
1019 2037 1116 2093 antea
1133 2027 1204 2094 aliis
1227 2027 1348 2092 caussis

303 2143 381 2208 moti
410 2155 519 2209 cetera
546 2145 586 2210 de
613 2143 764 2210 quentio
794 2143 935 2209 earmina
962 2143 1182 2225 attribuimus,
1214 2143 1348 2230 egregie

302 2261 461 2347 congruit.
504 2259 727 2326 iudicabamus
743 2260 827 2325 enim
850 2283 915 2325 non
937 2269 1011 2326 ante
1033 2283 1130 2349 quam
1153 2283 1171 2324 e
1192 2259 1348 2347 Bithynia

302 2376 433 2444 redierit
443 2375 606 2444 Catullum
616 2377 799 2443 quentium
809 2399 944 2443 amasso.
966 2375 1347 2466 iamuidequaesoqusm

303 2495 413 2582 pulcre
435 2495 578 2583 opinioni
600 2495 672 2560 huic
694 2517 824 2560 carmen
844 2517 912 2560 xxv
927 2494 1210 2561 adcommodatur:
1230 2493 1346 2561 etenim

304 2633 345 2677 ex
360 2633 456 2677 uersu
470 2612 617 2700 septimo,
636 2612 693 2678 ubi
706 2607 908 2698 ‘catagrupbi
918 2605 1036 2700 Thyni'
1047 2621 1347 2695 commemorantur,

304 2751 433 2794 oarmen
472 2739 545 2816 post
576 2728 638 2794 iter
669 2729 877 2816 Bithynicum
908 2729 1061 2816 seriptum
1095 2751 1165 2796 essa
1202 2728 1346 2817 adparet,

304 2847 433 2934 quando
456 2845 595 2934 quidem,
618 2846 774 2935 quidlibet
788 2845 830 2912 de
843 2840 1067 2935 ‘autographis’
1081 2845 1144 2913 illis
1158 2845 1347 2926 iudicamus,

302 2975 412 3030 tamen
441 2985 496 3030 eos
516 2987 566 3030 ex
586 2963 744 3049 Bithynia
764 2986 785 3028 a
806 2962 934 3030 Catullo
963 2973 1146 3052 reporletos
1167 2987 1236 3030 esse
1258 2964 1347 3032 dubi-

272 3149 275 3155 ,
305 3081 365 3146 lari
388 3103 453 3146 non
476 3091 592 3168 potest.
635 3092 668 3147 at
684 3081 761 3168 quid
776 3080 817 3146 de
838 3080 975 3148 nominis
990 3080 1172 3148 discrimine
1186 3081 1252 3160 fiel,
1273 3103 1347 3148 oum
1462 3149 1463 3158 ,

303 3197 384 3262 isin
407 3219 502 3284 quem
525 3196 672 3263 Catullus
694 3219 806 3264 uersus
827 3198 885 3263 hos
906 3197 984 3263 feeit
1005 3219 1071 3264 non
1090 3209 1157 3264 tam
1177 3198 1347 3266 quentius
1462 3195 1463 3220 ¹

304 3335 400 3400 quam
421 3314 554 3380 Thallus
576 3313 787 3381 nominetur?
828 3315 935 3381 Thalli
956 3337 1073 3382 nomon
1093 3315 1256 3382 Graecum
1278 3339 1348 3384 esse

303 3432 408 3518 quiuis
435 3430 532 3498 uidet
575 3431 652 3521 quid
675 3455 753 3498 uero
775 3433 835 3498 hoo
856 3433 928 3498 looo
952 3433 1116 3500 Graecum
1137 3455 1253 3500 noman
1286 3433 1347 3500 sibi

303 3547 406 3613 uult?
446 3571 523 3614 num
538 3549 671 3616 Thallus
686 3573 767 3638 puer
787 3550 917 3616 natione
932 3549 1080 3618 Graecus
1102 3549 1193 3617 fuit?
1235 3573 1346 3639 pamm
1462 3605 1463 3610 1

302 3666 364 3730 hoo
387 3665 588 3733 uerisimile.
629 3677 665 3733 ut
686 3666 827 3732 breuiter
849 3689 932 3756 quae
958 3667 1062 3732 sentio
1090 3667 1210 3752 diuam,
1239 3668 1346 3735 Thalli
1460 3653 1463 3674 ⁴

303 3803 421 3847 nomen
441 3793 490 3850 est
510 3785 619 3850 fiotum
641 3795 676 3850 ut
697 3783 807 3849 Lesbii
829 3795 862 3851 et
882 3783 1020 3852 Lesbiae
1041 3785 1188 3862 nomina,
1219 3787 1258 3853 de
1279 3785 1346 3875 qui-

302 3899 363 3966 hus
383 3901 447 3966 iam
469 3921 565 3991 supra
585 3901 751 3968 diximus:
772 3901 805 3970 id
827 3899 915 3992 quod
930 3901 1107 3970 Teuffelius
1123 3925 1253 3993 quoque
1273 3903 1294 3968 l.
1316 3927 1345 3969 o.
1462 3941 1463 3974 l
