2970 4484
314 377 364 428 tt!
607 371 646 423 x1
680 369 728 424 DE
746 371 779 426 6.
798 369 929 425 ttctttlo
947 369 1065 424 cauto

307 541 356 628 (iu
377 542 505 629 proleg.
526 539 568 606 ad
590 539 685 606 Brut.
707 559 737 625 p.
759 535 885 624 oxxrtn)
912 538 1097 604 coniectura
1113 537 1185 604 ¹cola
1208 557 1363 606 oouaecu·

309 669 362 724 tua
383 667 442 724 eat.
487 657 567 723 baec
595 677 647 724 rea
675 663 796 744 quanto
827 675 924 742 opere
953 653 1145 720 sententiam
1172 653 1268 721 nobie
1289 677 1364 742 pro-

309 778 419 843 batam
453 775 625 842 defensura
655 771 697 838 ait
727 781 825 860 patet
868 781 902 838 at
931 769 1103 836 scholiasta
1128 769 1224 836 aienti
1252 771 1286 837 in
1313 772 1363 838 eia
1439 769 1442 775 ’

310 913 393 980 quae
413 891 510 958 modo
526 889 675 973 diximus,
701 890 749 956 ita
770 889 803 955 iu
826 888 887 954 hac
908 908 1094 977 quoquere
1114 886 1211 954 ualde
1228 887 1361 956 errauit

311 1007 366 1096 qui
386 1006 552 1074 Vatinium
573 1028 591 1072 e
613 1008 688 1094 lege
710 1003 833 1072 Licinia
863 1005 904 1070 de
933 1003 1093 1070 eodaliciia
1122 1026 1142 1069 a
1168 1003 1211 1071 G.
1232 1003 1361 1072 Licinio

309 1123 414 1194 Caluo
438 1133 622 1217 cuneatum
645 1145 714 1190 eaeo
735 1123 792 1207 (cf.
815 1121 912 1188 achel
929 1121 962 1186 in
977 1120 1045 1190 Oia
1062 1120 1174 1188 Plano.
1189 1143 1220 1210 p.
1235 1121 1307 1206 262,
1321 1123 1360 1208 6)

307 1241 495 1309 recordatus
523 1263 597 1308 cum
626 1241 659 1307 iu
682 1240 855 1318 Vatiniana
877 1238 1043 1306 Vatinium
1073 1239 1150 1326 lege
1169 1237 1297 1306 Licinia
1326 1248 1362 1306 et

308 1359 403 1426 Iunia
417 1359 518 1446 (quae
530 1356 618 1423 cauit
629 1379 671 1422 ne
687 1358 770 1422 clam
788 1355 912 1422 aerario
927 1355 1034 1442 legem
1046 1353 1158 1420 inferri
1172 1355 1294 1440 liceret,
1315 1356 1361 1424 cf·

311 1475 409 1542 ecbol.
420 1475 545 1542 inSeat.
557 1496 588 1561 p.
597 1473 669 1557 310,
677 1473 712 1555 9)
720 1494 804 1538 anno
813 1471 931 1551 696le
939 1470 1137 1559 postulatum
1148 1493 1219 1539 eree
1226 1473 1361 1560 legeret,

310 1592 451 1682 priorem
472 1591 579 1679 legem
599 1589 788 1678 posterioria
808 1589 879 1655 loco
897 1587 1076 1654 nominauit
1097 1588 1230 1677 (peut,
1249 1589 1304 1676 18)
1327 1600 1363 1658 et

311 1710 442 1796 insuper
467 1707 564 1775 etiam
593 1729 666 1774 eum
693 1707 785 1774 cuiue
812 1704 975 1772 accusatio
997 1695 1121 1772 Vatinii
1144 1726 1186 1770 ex
1210 1705 1284 1794 lege
1306 1705 1361 1775 Li·

310 1827 395 1892 cinia
424 1825 465 1892 de
496 1822 656 1892 sodaliciis
688 1822 776 1888 facta
806 1821 993 1889 maximam
1011 1821 1133 1890 famam
1160 1833 1194 1890 et
1220 1824 1361 1911 gloriam

310 1943 429 2030 adepta
455 1951 541 2022 erat,
572 1939 711 2008 calaum
731 1939 817 2022 dieo,
849 1961 933 2006 anno
955 1939 1072 2018 696Ιὸ8
1093 1940 1217 2008 Vatinii
1237 1945 1361 2009 nomen

312 2057 464 2125 detulisse
479 2079 630 2146 peruerse
643 2057 762 2123 docuit
805 2077 983 2154 quaecum
1005 2057 1086 2140 dico,
1106 2065 1262 2146 negatum
1283 2059 1360 2124 nolo

312 2175 449 2242 Caluum
471 2174 630 2263 duplicem
652 2175 888 2241 accurationem
910 2172 943 2240 in
966 2174 1132 2241 Vatinium
1153 2175 1360 2242 intendieac:

311 2313 396 2380 quae
423 2313 475 2358 ree
503 2315 545 2359 ex
574 2291 680 2358 Taciti
708 2291 837 2380 dialogo
866 2291 906 2358 de
930 2291 1114 2358 oratoribus
1134 2291 1189 2378 (Vl
1211 2293 1247 2377 2)
1270 2303 1359 2360 certo
1466 2289 1469 2300 '

310 2407 491 2496 conligitur.
535 2407 592 2474 aed
620 2418 791 2497 utramque
820 2408 903 2474 banc
923 2389 1160 2476 accurationem
1182 2432 1200 2474 c
1221 2409 1359 2478 diuersis

310 2524 439 2612 legibue
467 2523 646 2590 institutam
676 2545 761 2590 anuo
789 2524 904 2591 eodem
933 2523 1049 2602 700154
1070 2547 1090 2590 a
1110 2522 1213 2592 Caluo
1239 2525 1358 2594 boum

311 2663 383 2708 ecre
429 2642 482 2708 uel
524 2661 563 2706 eo
606 2641 677 2706 ueri
718 2639 912 2707 simillimum
954 2651 1004 2707 eat
1043 2641 1133 2729 quod
1173 2639 1290 2712 Cicero
1324 2642 1357 2710 in

310 2767 448 2846 udaque
488 2779 626 2842 cauam,
668 2769 706 2824 ut
743 2779 785 2823 ex
829 2757 951 2824 Valerii
995 2757 1133 2825 Maximi
1168 2761 1358 2828 memorabi-

310 2873 386 2940 lium
412 2897 455 2940 rur
480 2874 503 2940 2
530 2875 552 2939 4
577 2873 739 2958 uidemus,
764 2875 930 2942 Vatinium
959 2875 1103 2944 defendit
1128 2899 1137 2941 ε
1164 2898 1260 2965 quam
1288 2901 1357 2946 rem

309 2992 371 3058 boc
399 2992 470 3058 loco
497 2991 683 3058 adommim
712 3001 852 3058 tractare
878 2991 1011 3079 lengum
1042 3004 1102 3060 eat.
1143 3003 1286 3060 ceterum
1318 2995 1359 3062 de

311 3107 434 3174 Vatinii
464 3107 721 3174 accurationibus
749 3106 870 3196 primus
890 3107 1111 3176 Mommsenua
1137 3108 1179 3176 de
1201 3111 1358 3200 conlegiia

310 3234 343 3291 et
372 3223 537 3290 aodaliciia
566 3246 597 3311 p.
619 3223 744 3291 70-72
773 3235 862 3290 recte
892 3225 1069 3313 praecepit.
1111 3225 1168 3292 aad
1200 3227 1298 3292 etiam
1331 3229 1358 3293 oi

310 3363 417 3430 neque
439 3362 523 3407 anno
545 3340 662 3419 696158
683 3362 788 3429 neque
809 3363 894 3408 auno
915 3341 1033 3419 698166
1053 3339 1174 3410 Galuua
1192 3343 1358 3412 Vatinium

310 3457 375 3525 iam
404 3479 440 3522 re
469 3479 548 3523 uere
575 3459 756 3541 accusauit,
779 3469 907 3542 umen,
934 3459 1027 3524 sicuti
1056 3459 1358 3546 demonstrauimus,

310 3573 386 3640 anni
407 3575 524 3653 698156
547 3575 658 3664 primia
679 3575 843 3642 menaibue
859 3573 979 3645 Oaluue
995 3577 1101 3664 palam
1124 3577 1189 3643 iam
1211 3579 1359 3646 elocutae
1465 3657 1466 3662 ἵ

310 3700 381 3758 erut
401 3713 436 3758 ae
451 3690 618 3759 Vatinium
640 3692 876 3780 postulaturum
898 3713 976 3760 esea
1018 3692 1129 3781 itaque
1143 3694 1177 3760 iu
1191 3694 1357 3762 Vatinium

309 3829 369 3896 per
388 3807 469 3876 duos
491 3810 628 3897 ampliua
649 3833 752 3878 aanor
772 3810 987 3878 accusationis
1002 3820 1034 3878 et
1048 3811 1261 3879 damnationis
1275 3814 1358 3900 peri·

310 3926 383 3991 cuia
409 3924 657 4012 inpendebant:
684 3949 792 4015 neque
823 3927 968 4016 profecto
998 3927 1162 3998 dubitabit
1187 3929 1358 4019 quiequam
