3002 4490
256 312 307 362 ³20
612 303 692 356 xrur
724 303 773 356 DE
791 301 943 357 GOUNIO

257 494 387 540 oermen
416 489 489 538 cvm
519 459 691 556 scripsisse.
735 479 769 537 st
789 477 880 536 estne
901 466 1011 556 aliqua
1035 487 1078 532 ex
1098 487 1214 534 causes
1234 487 1307 554 pro-

259 588 366 659 babile
398 588 441 655 G.
463 587 649 654 Cornelium
679 587 734 670 (cf.
759 585 941 654 Drumsnni
969 584 1042 650 hist
1071 583 1164 652 Rom
1186 605 1205 647 6
1227 583 1308 668 611)

260 705 388 775 Catullo
425 705 565 771 amioum
607 700 737 768 fuisse?
793 701 873 770 certi
907 700 987 768 nihil
1022 700 1063 767 66
1097 701 1157 766 hoo
1192 722 1227 766 re
1261 698 1310 766 in·

258 822 413 910 uestigsri
436 830 553 910 potest.
596 819 654 886 sed
675 819 853 886 sententies
873 841 894 884 e
919 818 1012 886 nobis
1040 817 1190 885 defensas
1218 826 1310 884 setas

260 939 389 1028 quidem
430 937 573 1006 Cornelii
609 936 751 1002 obnoxia
792 958 857 1004 non
899 945 959 1002 est.
1017 933 1074 1022 qui
1113 955 1310 1022 quamquam

259 1065 411 1146 quaestor
433 1055 499 1122 Gn.
521 1053 657 1140 Pompei
677 1051 792 1140 Magni
820 1063 854 1120 ot
873 1061 987 1140 postes
1008 1073 1093 1118 anno
1115 1051 1230 1130 687167
1253 1052 1309 1116 tri·

258 1175 365 1242 bunne
395 1170 496 1261 plebis
527 1171 606 1254 fuit,
634 1171 744 1258 itsque
771 1170 936 1236 minimum
965 1167 1121 1236 decennio
1144 1167 1309 1236 Catullum

259 1301 365 1358 estete
387 1289 574 1370 antecessit,
601 1287 700 1354 nihilo
728 1297 837 1354 temon
859 1288 965 1353 minus
987 1306 1060 1352 cum
1081 1284 1209 1353 catullo
1232 1283 1310 1350 emi-

260 1407 337 1474 citis
365 1405 553 1472 coniunctus
583 1426 654 1470 esso
683 1404 798 1491 potnit
852 1403 958 1492 quid?
988 1402 1076 1492 qnod
1105 1403 1242 1470 fortasse
1267 1402 1310 1468 ad

261 1523 397 1590 eundem
418 1520 507 1588 illum
530 1521 571 1590 G.
587 1520 775 1590 Cornelium
792 1519 938 1588 Catullus
953 1541 1085 1586 sermon
1103 1538 1145 1586 cu
1169 1517 1210 1586 ss·
1226 1524 1311 1606 quic·

259 1664 353 1728 qucm
366 1645 455 1706 tacito
470 1641 667 1706 commissum
688 1637 815 1724 oatfido
837 1637 878 1704 ab
899 1638 999 1702 oms'co
1019 1637 1211 1725 scripserit:
1232 1657 1311 1702 nsrn

260 1757 395 1824 ultorum
422 1753 611 1824 Cornelium
640 1756 695 1843 qui
721 1757 755 1821 in
783 1755 865 1820 libro
893 1751 1013 1822 Catulli
1040 1763 1310 1820 commemoratur

259 1875 436 1962 (Nepotem
463 1872 612 1958 dicimus)
644 1872 678 1938 in
706 1873 847 1939 carmine
874 1889 918 1938 cu
946 1893 1011 1939 non
1038 1892 1134 1958 posse
1162 1893 1183 1936 s
1210 1879 1311 1958 poeto

259 1989 474 2079 significetum
507 2013 579 2057 esse
614 1988 678 2056 ism
709 2011 806 2078 supra
836 2012 865 2077 p.
895 1988 958 2054 296
990 1987 1231 2055 ednotsbamus
1282 1987 1311 2053 si

261 2109 361 2196 igitur
393 2106 579 2174 coniectura
611 2129 707 2194 quam
743 2105 968 2194 proposuimus
998 2105 1068 2172 ueri
1101 2104 1213 2171 similis
1249 2113 1310 2186 est,

259 2223 428 2293 Cominius
442 2246 528 2290 enno
542 2223 660 2302 689166
679 2223 744 2289 ism
760 2244 861 2289 sonex
882 2223 981 2288 inerit
1001 2243 1133 2288 necesse
1154 2231 1213 2290 est.
1256 2243 1310 2288 ne-

259 2365 323 2431 que
351 2342 406 2410 toli
434 2342 504 2408 eins
532 2342 630 2406 aetsti
649 2363 697 2408 es
724 2340 930 2427 refragantur
952 2361 1036 2429 quse
1057 2339 1188 2406 aliunde
1209 2339 1250 2406 66
1270 2339 1310 2406 Ρ.

259 2459 400 2526 Cominii
414 2461 520 2527 aetate
536 2459 710 2524 memoriae
723 2455 844 2526 tradite
858 2467 942 2524 sunt.
981 2457 1102 2524 etenim
1122 2454 1199 2522 dum
1214 2456 1310 2522 modo

261 2598 423 2644 sumamus
439 2573 623 2643 Cominium
645 2575 687 2640 ad
705 2571 886 2662 superiores
900 2573 1021 2661 gradus
1044 2572 1219 2640 senectutis
1240 2594 1311 2660 per-

259 2695 395 2776 uenisse,
419 2693 526 2760 omnis
548 2692 626 2760 setis
646 2693 729 2760 bene
750 2692 944 2782 conspirent.
987 2690 1025 2756 P.
1041 2691 1126 2758 enim
1142 2688 1312 2756 Cominius

259 2833 325 2876 non
346 2810 392 2878 ite
413 2809 467 2875 diu
489 2820 566 2877 ante
588 2833 707 2876 sunum
732 2807 848 2886 708l46
868 2817 1013 2874 mortuus
1034 2817 1083 2872 est
1105 2808 1162 2892 (cf.
1183 2803 1311 2874 Cicero-

259 2926 309 2996 nis
328 2925 424 2994 Bruti
445 2926 485 2992 78
506 2925 592 3012 271).
642 2927 694 2992 tac
727 2925 826 3012 igitur
857 2946 942 2992 anno
976 2923 1094 3001 689165
1126 2921 1312 2990 Cominium

259 3067 362 3112 annos
390 3043 560 3131 sexaginte
587 3054 699 3110 netum
727 3042 827 3109 fuisse
848 3041 951 3131 (quod
982 3041 1009 3108 si
1035 3040 1117 3125 fuit,
1148 3039 1262 3106 merito
1291 3063 1313 3106 a

260 3161 389 3232 Catullo
411 3183 511 3228 senex
538 3159 694 3248 sdpellsri
716 3159 835 3247 potuit)
846 3209 856 3242 ,
887 3181 961 3226 eum
992 3179 1094 3246 nsque
1122 3157 1162 3224 ad
1190 3177 1312 3224 sunum

260 3279 329 3344 fere
359 3277 630 3367 septuagesimum
658 3277 808 3365 quintum
836 3276 937 3342 uitam
964 3273 1158 3362 produxisse
1185 3273 1312 3362 putabi-

260 3417 342 3462 mus.
385 3403 554 3485 practerea
580 3393 784 3462 coniecturae
811 3401 941 3460 nostroe
972 3413 1147 3458 cousensus
1176 3389 1309 3478 quidem

261 3513 412 3580 carminis
433 3531 507 3579 cvm
532 3522 565 3578 et
587 3511 799 3577 enarrationis
813 3510 1017 3576 Asconisune
1037 3509 1149 3575 fauere
1170 3507 1310 3574 uidetur.

261 3630 379 3708 nemsi
389 3637 524 3718 propter
532 3652 677 3696 csusssm
689 3625 830 3696 Cornelii
839 3625 1061 3694 inOominium
1069 3623 1147 3691 illud
1155 3625 1311 3711 scripturn

262 3756 310 3812 est
332 3747 543 3833 epigremmo,
564 3769 606 3812 ex
627 3744 702 3811 odio
726 3745 879 3822 maximo,
900 3744 987 3831 quod
1009 3743 1175 3813 Cominius
1192 3741 1313 3809 Gorne-

263 3863 325 3946 lio‚
358 3864 413 3950 qui
441 3862 511 3930 iura
541 3857 651 3950 populi
682 3862 820 3928 Romani
848 3859 973 3948 inpigre
1001 3859 1235 3942 defensitabat,
1268 3883 1311 3926 ex
