2954 4492
419 345 444 400 V
477 343 526 400 DE
543 345 721 401 fflORffiVfl
738 345 892 400 curvum
1150 346 1182 396 88

130 514 231 582 amico
252 513 380 602 perfido
404 521 438 580 et
458 512 575 597 fulluci,
603 511 765 580 desertum
789 533 825 578 se
844 511 997 578 miserum
1017 533 1088 578 csse
1110 533 1183 578 curn

130 632 274 698 mcximo
295 629 396 696 enimi
416 628 527 696 doloro
555 630 662 695 dicit:
686 630 727 696 cf.
750 650 880 696 carmen
901 652 972 696 xxx
992 629 1108 713 Alfene
1128 631 1180 695 in-

132 769 244 814 muuor
263 759 356 834 utque
382 747 538 813 mimo
566 745 650 828 false
669 747 830 820 cadolum.
872 744 945 834 quis
965 745 1104 814 Alienus
1125 745 1180 812 ille

131 864 233 931 fuerit
260 863 424 947 nacitur,
456 883 654 952 quemquam
676 855 759 929 serlo
787 861 880 930 mulli
908 861 970 928 uiri
1000 861 1089 928 docti
1118 861 1179 926 sibi

133 979 339 1050 uidebuntur.
353 979 529 1068 insignitor
539 981 648 1047 Iustus
658 979 787 1069 Lipsius
798 989 941 1067 nugatus
956 988 1007 1045 est
1017 979 1184 1044 uariorum

132 1096 308 1164 lectionum
340 1095 467 1183 subp.
491 1096 548 1179 66,
585 1117 657 1162 cum
691 1118 819 1162 curmen
847 1119 918 1162 xxx
945 1095 985 1162 de
1014 1095 1182 1162 Ciceronis

133 1211 234 1280 exilio
256 1212 511 1298 intellegendum
533 1221 566 1280 et
586 1235 606 1278 u
628 1210 758 1280 Catullo
780 1213 839 1278 sub
859 1213 1025 1280 Ciceronis
1045 1235 1184 1301 persone

131 1331 167 1396 in
187 1329 382 1417 Pompeium
403 1329 481 1396 ficto
502 1329 610 1396 Alfeni
637 1329 767 1396 nomino
793 1329 988 1417 sdpellstum
1017 1329 1078 1396 sibi
1109 1351 1179 1418 per·

130 1447 287 1514 suaderet
306 1445 461 1533 scriptum
481 1467 560 1511 osse.
602 1445 696 1514 ulium
717 1447 805 1511 uiam
830 1445 964 1532 ingressi
986 1445 1178 1512 Parthenius

131 1561 282 1628 Muretus
292 1561 582 1649 Sosligerossius
593 1559 935 1650 VulpiusDocriugius
943 1562 1179 1650 Hertzbergius

131 1677 292 1746 Munkius
311 1677 468 1746 Alfenum
489 1677 613 1744 Verum
634 1679 712 1746 iuris
737 1679 918 1744 consultum
937 1689 1053 1767 putent
1076 1703 1095 1745 s
1118 1679 1178 1748 Cs-

131 1794 212 1862 tullc
227 1793 434 1882 designatum
450 1816 532 1862 esso.
575 1795 631 1883 qui
651 1795 799 1883 plerique
817 1795 913 1862 otiam
936 1797 1079 1862 carmina
1103 1796 1178 1880 duo,

131 1935 218 2000 quoe
238 1911 281 1977 ud
302 1911 426 1978 Vnmm
448 1911 611 1999 quendum
640 1910 788 1978 Catullus
816 1911 942 1998 scripsit
963 1936 986 1978 x
1016 1912 1112 1977 Voms
1133 1937 1181 1979 me

129 2051 219 2094 m
239 2028 286 2094 od
305 2051 378 2094 suos
398 2051 516 2094 mores
536 2039 568 2094 et
589 2051 656 2094 xxo
681 2027 840 2114 Suffenus
859 2033 930 2104 iste,
967 2027 1060 2112 Vere,
1093 2051 1177 2116 wem

125 2145 226 2232 probs
244 2151 321 2211 nosti
339 2144 381 2212 sd
394 2144 534 2212 eundem
547 2144 699 2212 Alfenum
713 2143 836 2212 Verum
851 2146 996 2210 referunt
1009 2145 1065 2231 (cf.
1081 2143 1177 2212 etiem

130 2261 280 2328 Turnebi
304 2261 431 2329 eduers.
457 2285 546 2328 xxvu
572 2262 640 2346 26).
683 2283 789 2348 nequo
813 2263 893 2328 hoec
922 2262 1081 2328 sententie
1110 2285 1175 2330 non

131 2379 283 2467 specioso
302 2377 443 2462 uidetur,
463 2402 536 2446 curn
550 2379 688 2446 Alfenus
706 2378 783 2444 iuris
805 2379 969 2446 consultus
982 2377 1100 2446 Catulli
1121 2402 1175 2467 po-

129 2494 256 2584 puleris
277 2494 403 2563 luerit:
424 2506 593 2585 praetereo
619 2494 648 2561 is
676 2495 820 2562 earmina
840 2495 949 2583 alique
967 2495 1176 2584 conposuisse

129 2611 308 2696 ferebatur,
329 2612 424 2678 sicuti
444 2611 578 2678 Seruius
596 2611 669 2678 loco
691 2612 841 2700 quodum,
863 2611 952 2678 euius
970 2625 1077 2678 tomen
1096 2612 1177 2678 fides

129 2729 373 2816 suspectissimu
387 2739 436 2794 est
449 2728 505 2812 (sd
519 2727 657 2816 Vergilii
678 2730 736 2796 eol.
751 2730 772 2795 9
790 2729 856 2815 35),
877 2730 1054 2796 ndnotouit.
1076 2743 1111 2797 et
1126 2731 1178 2796 uel

129 2855 316 2933 temporum
348 2846 431 2912 rotic
462 2845 579 2912 obstat.
631 2845 824 2912 scholiastae
859 2845 942 2913 enim
975 2847 1017 2914 ud
1048 2847 1178 2913 Horatii

130 2973 194 3030 sut.
216 2985 224 3028 ι
245 2961 267 3028 3
289 2962 350 3030 130
370 2961 524 3028 Alfenum
550 2961 675 3028 Vemm
697 2951 948 3030 Cremonensem
969 2977 1103 3032 narrent
1124 2967 1177 3030 ab·

128 3080 217 3146 iectu
251 3080 431 3163 tumulus,
471 3101 570 3169 quom
603 3080 638 3145 in
670 3079 843 3169 municipio
880 3102 938 3146 suo
970 3082 1177 3165 exercuisset,

128 3197 273 3266 Rom
297 3194 427 3264 uenisse
461 3195 574 3286 ibique
608 3197 764 3285 magistro
804 3194 874 3266 Ser.
913 3196 1059 3288 Sulpicio
1090 3197 1179 3266 Rufo

128 3313 210 3380 iuris
260 3313 412 3380 consulto
454 3335 548 3378 osum
594 3313 635 3380 ud
683 3323 808 3380 tuntum
848 3315 1035 3402 peruenisse
1078 3315 1177 3382 scien-

128 3432 207 3500 tiem
239 3439 276 3499 nt
303 3429 511 3499 consulatum
543 3439 672 3518 gereret
692 3441 726 3498 et
745 3431 875 3519 publico
907 3430 1019 3499 funere
1051 3433 1178 3500 efferre-

119 3561 189 3618 tur.
228 3560 365 3640 prseter
386 3545 574 3615 scholiastes
601 3545 731 3616 Horatii
753 3547 950 3637 Pomponius
978 3571 1108 3637 quoque
1138 3550 1177 3616 de

126 3667 250 3760 origine
278 3665 363 3735 iuris
395 3665 416 3747 θ
442 3665 484 3732 44
508 3664 597 3732 hisce
623 3666 731 3735 uerbis
757 3673 896 3732 testetur
921 3666 1074 3734 Alienum
1104 3663 1193 3734 oon?

119 3791 219 3862 susm
249 3787 380 3868 fuisse,
418 3805 455 3848 eu
481 3786 526 3850 tat
554 3783 744 3850 mediocribus
775 3779 862 3866 (Ser.
899 3782 1049 3871 Sulpicii)
1077 3786 1176 3870 plori-

113 3935 193 3981 mi
225 3899 429 3978 mulatio
455 3899 563 3966 tatuit
583 3897 715 3984 Alfenus
750 3899 850 3966 Varus
877 3913 905 3966 ot
925 3903 1031 4064 {ipisus
1054 3899 1175 3982 Ofilium,
