3002 4490
269 311 318 362 sss
357 307 433 360 run
458 309 506 361 ns
521 307 659 360 usone
673 305 866 371 uosovr‘ro
882 305 929 358 nr
945 305 1046 357 vnus
1066 269 1321 360 amonius

350 473 535 561 Disputatio
563 483 673 540 nostra
701 472 743 538 sd
768 494 897 538 oarmen
919 471 1038 539 exous
1059 472 1179 560 nuptiis
1201 470 1318 538 Manlii

268 589 427 656 etViniae
448 589 684 658 inlustrandum
706 588 914 668 conuertitur,
935 589 1033 675 quod,
1055 589 1081 654 si
1102 587 1258 654 Manlium
1283 599 1318 655 et

267 705 396 774 Vinium
418 708 474 795 qui
494 707 615 774 fuerint
635 707 831 793 quaerimus,
851 705 947 772 ualde
968 705 1140 773 obscurum
1161 714 1219 771 ost.
1263 705 1318 772 uel

267 825 299 890 in
321 824 452 890 nomine
473 845 612 912 sponsae
639 822 847 906 offendimur,
876 815 1014 910 utpote
1042 843 1127 909 quas
1155 822 1188 888 in
1217 843 1316 888 uersu

267 951 360 1008 sexto
375 939 499 1007 deoimo
511 933 609 1006 Vinia
623 949 655 1004 et
669 941 701 1005 in
717 961 814 1006 uersu
828 938 1025 1026 octogesimo
1039 937 1176 1027 septimo
1188 939 1317 1004 Aurun·
1433 1021 1436 1026 1

268 1057 372 1124 culeis
399 1055 587 1146 adpelletnr.
630 1058 720 1124 ouius
750 1058 919 1145 utriusque
949 1055 1086 1122 nominis
1115 1057 1221 1122 forma
1249 1077 1316 1121 non

267 1184 361 1240 extra
381 1195 511 1242 omnem
531 1173 763 1242 dubitationem
784 1173 890 1260 posita
917 1183 976 1239 ast.
1019 1195 1092 1239 narn
1115 1195 1175 1261 pro
1197 1173 1317 1240 vinies

268 1288 406 1372 nomine,
429 1289 517 1377 quod
534 1287 607 1356 libri
622 1289 771 1357 Datsnus
788 1300 822 1356 et
836 1288 1053 1356 Santeniauns
1073 1290 1195 1356 babent
1215 1287 1317 1377 qnod·

267 1427 331 1495 qno
352 1408 385 1472 in
408 1405 601 1471 Dresdsnsis
629 1408 813 1494 corruptela
840 1411 926 1472 saissa
947 1407 1043 1486 latet,
1065 1407 1099 1471 in
1119 1404 1317 1490 Sangam»

265 1524 357 1589 nensi
379 1522 599 1591 Laurentiano
621 1523 678 1606 (33
700 1523 753 1608 12)
775 1522 990 1590 Rieoardiano
1013 1521 1104 1588 Iresia
1131 1520 1261 1609 legitur,
1282 1529 1317 1587 st

265 1640 406 1708 Achilles
430 1637 554 1707 Statius
582 1645 613 1706 iu
640 1641 777 1706 oneribus
802 1639 907 1726 iuquit
920 1639 997 1726 fare
1016 1639 1234 1724 mmuranptri
1253 1661 1316 1704 roa

261 1750 370 1822 ‘Iulio'
392 1757 491 1846 (quae
522 1764 572 1822 est
599 1755 694 1822 lectio
726 1756 801 1821 olim
830 1756 964 1842 uulgata
994 1777 1035 1821 ex
1063 1753 1313 1844 interpolatione

264 1872 413 1961 profecta
452 1871 544 1938 uerbi
579 1894 695 1939 caussa
731 1873 764 1937 iu
803 1872 886 1938 libro
919 1872 1161 1962 Hemburgensi
1196 1882 1313 1938 eatam

264 1999 297 2054 rt
328 2011 347 2054 s
379 1997 558 2054 conectere
587 1990 687 2056 otiam
718 1987 751 2056 in
781 1989 945 2057 Datanum
971 1989 1089 2074 inlata)
1117 1992 1170 2055 ssd
1194 1977 1312 2054 ‘Iouini

262 2105 338 2171 illae
364 2117 473 2172 sutem
505 2103 589 2171 duae
608 2105 763 2172 lectiones
783 2107 871 2172 αἰηία
892 2115 925 2171 et
944 2111 1043 2186 iunio,
1066 2105 1093 2170 si
1113 2105 1243 2192 singula
1263 2102 1309 2170 lit·

263 2229 406 2288 terarum
435 2221 593 2290 elementa
621 2220 772 2310 respicis,
798 2244 902 2310 paene
927 2221 1014 2289 nullo
1042 2222 1126 2289 inter
1147 2243 1182 2288 se
1202 2221 1313 2288 disari-

264 2338 349 2404 mine
371 2347 560 2426 separantur
581 2364 589 2403 ε
611 2339 696 2410 uude
717 2339 838 2404 foetum
859 2348 909 2405 est
930 2348 966 2404 ut
986 2339 1119 2405 nomina
1140 2337 1312 2404 Viniorum

264 2465 298 2522 et
318 2455 485 2522 Iuniarum
506 2456 581 2523 alibi
597 2479 726 2542 quoque
742 2455 869 2544 saepius
885 2455 1167 2524 confunderentur.
1202 2465 1313 2522 utrum

263 2571 363 2660 igitur
384 2595 502 2640 nomen
522 2569 770 2660 praeferendum
793 2572 844 2655 sit,
867 2593 942 2637 cum
963 2594 1006 2638 ex
1027 2575 1125 2640 rebus
1142 2569 1221 2660 ipsis
1241 2571 1312 2637 nul·

264 2691 330 2756 lum
352 2691 413 2756 nisi
436 2689 553 2757 Vinios
573 2711 691 2756 nomen
713 2689 817 2756 rarius
839 2699 872 2755 et
896 2689 1088 2777 exquisitius
1115 2709 1185 2754 esse
1214 2709 1313 2776 quam

264 2805 380 2872 Iunias.
408 2815 636 2892 argumentum
669 2807 736 2894 peti
767 2808 870 2894 possit
882 2855 890 2888 ,
924 2805 1018 2874 aliter
1049 2805 1217 2874 diiudioon‘
1245 2827 1312 2874 non

263 2931 370 3011 potest
396 2922 457 2989 nisi
484 2923 679 2989 auctoritate
699 2924 830 2990 testium
852 2925 990 2992 alterum
1011 2934 1120 2989 utrum
1140 2921 1316 2990 detenden-

263 3037 344 3106 tium
365 3041 560 3108 examinata.
602 3041 841 3124 bethmannus,
861 3062 959 3127 quem
979 3039 1142 3127 Hauptius
1162 3051 1196 3108 st
1215 3038 1314 3108 Boss-

263 3155 396 3222 baebius
415 3157 518 3224 monti
532 3167 619 3239 snut,
640 3181 683 3226 ex
704 3157 770 3224 suis
789 3156 879 3226 libris
903 3159 996 3224 Va'm'a
1017 3157 1154 3245 surripuit,
1169 3155 1314 3243 Heysins

264 3259 381 3340 oenus
407 3273 472 3340 suis
493 3273 599 3360 magis
622 3273 761 3340 oontisus
781 3271 872 3339 libris
893 3271 997 3340 [aaa.
1038 3271 1176 3339 alterum
1196 3291 1315 3338 nomon

262 3409 400 3478 sponsae
431 3389 465 3456 in
499 3387 589 3458 libris
624 3389 758 3456 sinueris
793 3389 984 3456 Ammonitas
1016 3388 1186 3472 scribitur,
1217 3409 1317 3477 quana

263 3507 436 3574 lectionem
473 3507 549 3572 olim
585 3528 605 3571 a
639 3505 744 3574 Statio
780 3503 966 3574 dubitanter
996 3505 1252 3574 commendatum
1285 3515 1320 3572 et

266 3644 370 3710 nuper
391 3622 521 3689 demum
543 3623 586 3690 ab
599 3621 744 3711 Hauptio
760 3621 962 3690 Rossbsobio
977 3621 1139 3688 Pleituero
1154 3632 1318 3710 receptam
1379 3707 1384 3716 ῃ

261 3740 327 3806 iam
340 3737 415 3805 Itali
430 3739 551 3806 saeouli
565 3739 670 3826 quinti
689 3739 805 3806 decimi
820 3739 927 3807 multis
941 3739 1006 3804 iam
1023 3737 1098 3805 inde
1112 3763 1134 3806 a
1146 3739 1319 3827 Scaligero

263 3855 439 3923 editoribus
473 3857 618 3922 adsensio
651 3856 685 3922 in
722 3857 861 3922 formam
893 3857 1105 3922 Aumarulss'u
1139 3878 1242 3944 nuper
1276 3856 1319 3924 ab
