2954 4492
301 321 348 372 162
567 315 617 368 vu
651 315 700 368 DE
718 315 859 368 Irmene
877 313 1075 367 BITHYNIOO

298 507 315 548 ,ι
337 484 408 566 344,
431 482 486 566 er)
508 484 676 570 Apameae
698 479 960 570 (66616646,
979 481 1035 564 20)
1058 459 1344 570 ernynn‘fflers.

298 621 317 665 ιι
339 599 401 666 406
422 599 543 664 Mionn.
565 624 585 664 ιι
606 598 678 683 416,
701 599 757 682 39)
777 599 922 664 Nicaeae
943 595 1081 681 (Mionn.
1097 597 1210 664 Descr.
1226 595 1344 685 Suppl.

298 738 317 780 ιι
338 715 388 800 78,
409 715 481 780 396.
502 716 574 782 396.
597 716 673 800 397)
704 715 914 782 Nicomediae
942 713 1082 798 (Mionn.
1104 713 1146 780 Ι).
1170 713 1205 782 S.
1228 737 1248 778 ιι
1273 715 1343 792 166,

296 831 366 896 964.
388 831 460 897 965.
482 832 552 898 966.
574 831 650 915 967)
679 831 713 896 in
740 830 857 920 quibus
885 850 1004 896 nomen
1032 829 1163 917 quidem
1183 827 1344 896 Carbonis

295 946 415 1035 legitur
451 971 557 1037 neque
590 956 698 1014 tamen
723 949 813 1014 ullus
843 970 947 1014 annus
979 946 1158 1024 indicatur,
1192 947 1345 1035 permulti

296 1074 484 1130 manserunt
503 1065 536 1131 in
557 1065 674 1152 quibua
696 1075 826 1154 praeter
846 1085 965 1131 nomen
986 1063 1064 1130 illud
1085 1076 1186 1128 66666
1212 1083 1343 1151 quoque

296 1181 388 1245 ΔΚΣ
405 1181 436 1246 h.
460 1201 487 1245 6.
509 1181 571 1246 224
593 1190 774 1268 conparet:
796 1181 878 1247 tales
905 1182 1026 1246 nummi
1048 1177 1176 1246 urbium
1196 1179 1344 1266 Bithynii

298 1296 435 1380 (Mionn.
458 1293 494 1362 S.
517 1319 535 1360 ιι
559 1297 608 1376 18,
630 1297 686 1382 89)
719 1298 861 1364 Nicaeae
889 1297 1009 1382 (Eclrh.
1038 1319 1056 1360 ιι
1086 1295 1148 1360 423
1175 1295 1298 1361 Mionn.
1322 1317 1342 1361 ιι

296 1412 367 1487 460,
388 1410 457 1476 207.
479 1411 553 1476 208.
574 1412 650 1497 209)
673 1411 884 1478 Nicomediae
906 1411 1068 1496 (7161666
1090 1413 1153 1478 429
1175 1413 1298 1478 hlionn.
1321 1434 1342 1477 ιι

296 1528 376 1610 466,
408 1527 478 1594 298.
499 1527 571 1594 299.
593 1527 665 1595 300.
686 1529 747 1596 301
790 1530 870 1610 466,
901 1529 963 1595 302
995 1527 1108 1617 Suppl.
1131 1553 1149 1594 ιι
1174 1527 1250 1610 167,
1270 1527 1341 1594 968.

297 1643 359 1708 970
402 1643 478 1726 168,
509 1643 581 1710 971.
609 1644 697 1730 972)
738 1645 859 1714 Prusae
888 1644 928 1711 ad
959 1644 1137 1733 Olympum
1170 1643 1289 1728 (Echh.
1322 1653 1341 1710 ιι’
1466 1655 1467 1658 ’

297 1759 359 1824 432
380 1760 503 1828 Mionn.
525 1785 545 1827 ιι
567 1760 645 1845 479,
667 1761 730 1826 373
760 1759 874 1849 Suppl.
896 1781 914 1825 ιι
935 1761 1014 1844 223,
1038 1761 1133 1845 1314)
1163 1759 1281 1848 reperti
1309 1769 1343 1825 et

296 1876 448 1964 descripti
479 1885 557 1943 sunt
584 1898 594 1941 :
625 1887 739 1943 eontra
769 1887 846 1944 note
873 1880 966 1944 ΒΚΣ
991 1876 1021 1941 h.
1052 1899 1078 1942 e.
1105 1877 1168 1942 222
1205 1899 1247 1943 ex
1275 1899 1340 1942 uno

296 1992 376 2077 solo,
407 2005 443 2058 ut
470 1993 618 2076 uidetur,
649 2015 778 2060 nummo
808 1993 899 2060 urhis
920 1993 1063 2060 Nicaeae
1084 1993 1204 2080 (Eckh.
1232 2015 1251 2058 ιι
1279 1993 1341 2058 423

296 2106 420 2175 Mionn.
435 2131 456 2174 ιι
471 2109 543 2186 449,
567 2108 644 2192 206)
668 2118 799 2175 enotata
824 2119 883 2176 est
923 2109 989 2177 iam
1010 2109 1037 2176 si
1059 2109 1100 2174 ad
1125 2110 1339 2198 frequentiam

296 2234 330 2290 et
358 2244 469 2290 eorum
500 2245 666 2290 nummum
697 2223 730 2290 in
762 2224 877 2313 quihus
898 2247 1016 2292 nornen
1037 2225 1102 2292 Gai
1123 2226 1244 2313 Papirii
1265 2225 1341 2294 Oar-

296 2340 390 2406 honis
405 2350 453 2406 est
469 2350 502 2406 et
522 2361 635 2407 eorum
656 2341 820 2429 inquibus
841 2341 917 2407 huic
936 2341 1058 2408 nomini
1081 2364 1184 2408 annue
1204 2342 1268 2408 224
1288 2343 1340 2410 ad·

296 2457 383 2524 ditur
397 2461 537 2524 animum
555 2458 752 2536 aduertimua
767 2468 799 2522 et
810 2467 980 2546 praeterea
992 2469 1178 2548 reputamus
1193 2481 1340 2527 nummos

294 2573 487 2661 Bithynicos
518 2576 690 2664 plerosquo
717 2575 801 2640 male
828 2575 956 2642 habitos
984 2575 1072 2643 etin
1098 2575 1184 2643 notis
1205 2576 1340 2642 chrono-

294 2691 408 2778 logicis
435 2713 532 2778 saepe
561 2691 694 2759 detritos
716 2693 757 2760 ad
779 2715 837 2759 nos
858 2691 1062 2780 peruenisse,
1094 2714 1179 2780 quae
1210 2691 1340 2760 Sanclo

295 2807 405 2874 mentii
426 2806 467 2874 de
482 2807 612 2896 epochis
627 2830 659 2895 p.
674 2809 736 2874 269
750 2809 851 2874 uerba
869 2819 953 2892 sunt,
975 2809 1061 2876 unde
1083 2829 1207 2875 errores
1229 2829 1340 2874 eorum

296 2924 352 3013 qui
383 2946 439 2989 eos
471 2925 621 3010 legerunt
655 2933 687 2988 et
719 2923 961 3011 descripserunt
990 2934 1083 2992 natos
1115 2947 1186 2992 esse
1217 2923 1340 2990 nummi

296 3041 351 3130 qui
378 3063 495 3106 nomen
524 3040 566 3106 G.
588 3040 677 3106 Vibii
697 3040 824 3107 Pansae
853 3040 974 3108 hahent
1005 3041 1169 3130 Bithynici
1199 3041 1340 3108 luculen-

293 3167 345 3224 ter
373 3158 530 3244 probant,
562 3167 598 3222 ut
625 3167 703 3245 pote
733 3159 766 3222 in
793 3157 910 3245 quibus
932 3167 1060 3244 praeter
1080 3179 1230 3225 numeros
1250 3161 1341 3225 ΒΛΣ

295 3283 328 3340 61
346 3277 376 3341 Γ
374 3278 436 3339 A}
455 3283 559 3340 rectos
581 3273 707 3339 numeri
730 3294 860 3362 quoque
882 3277 974 3338 ΕΛΣ
994 3284 1026 3339 61
1038 3277 1132 3340 ΖΛΣ
1151 3273 1219 3340 eine
1242 3275 1340 3340 dubio

293 3389 368 3456 falsi
395 3389 460 3478 legi
492 3393 638 3455 terantur
671 3389 728 3475 (cf.
762 3389 1019 3456 Sanclementius
1044 3390 1066 3454 l.
1096 3412 1124 3454 c.
1153 3411 1184 3476 p.
1213 3390 1275 3456 268
1307 3399 1341 3456 61

293 3503 578 3573 schoenemannus
601 3505 641 3572 de
662 3506 818 3595 Bithynia
839 3516 872 3573 et
888 3506 994 3572 Ponto
1008 3503 1177 3593 prouincia
1190 3505 1341 3574 Romana

293 3643 326 3709 p.
351 3621 422 3707 16),
453 3623 493 3688 ad
523 3623 731 3710 suspitionem
753 3623 883 3688 omnino
904 3622 1094 3689 inclinamus
1112 3626 1236 3690 nummi
1255 3623 1340 3690 illiue

293 3737 534 3824 inscriptionem
564 3765 583 3806 a
611 3739 688 3805 uiris
720 3738 823 3805 doctis
851 3759 915 3804 non
943 3749 1031 3805 recte
1058 3740 1250 3828 descriptam
1271 3761 1341 3808 esse

297 3863 329 3919 61
356 3877 416 3943 pro
448 3854 593 3922 inaudito
623 3856 678 3921 illo
709 3859 799 3921 ΒΚΣ
828 3855 999 3944 legendum
1032 3877 1102 3923 esse
1131 3860 1223 3923 ΔΚΣ
1253 3857 1339 3924 idem
