2920 4492
439 339 455 392 1
487 337 536 392 DE
551 335 745 392 1011181398
762 335 917 394 cumr
1169 345 1200 394 ²1

235 507 441 575 Luculenter
453 503 548 572 nobis
563 505 800 572 demonstrasse
819 503 970 572 uidemur
987 503 1148 596 scaligeri
1162 507 1204 576 de

148 623 366 716 preenomine
396 621 520 692 Oetulli
552 623 746 689 sententium
774 623 852 690 olim
880 623 1037 691 Venetori
1067 633 1100 691 et
1121 624 1205 692 Hen-

151 743 253 810 dnino
266 741 451 832 probetem,
473 739 535 825 cni,
549 762 623 806 cum
638 763 658 807 e
672 737 882 807 Lscbmsnno
897 741 992 808 nouis
1005 743 1204 828 argumentis
1262 747 1266 762 ¹

151 859 239 927 fulto
252 879 325 926 esse
339 857 516 942 uideretur,
530 856 677 944 Siligius
694 856 742 940 (in
756 855 862 924 lebnii
876 856 1046 926 ennelibus
1059 859 1203 945 1111284)

151 975 331 1044 Pedanos
353 974 511 1064 (depost.
527 973 623 1042 Rom.
644 982 779 1040 emetor.
801 998 833 1064 p.
855 973 911 1060 25)
934 975 1095 1065 Hauptius
1116 976 1205 1043 Hen-

154 1093 229 1161 dine
250 1093 300 1180 (in
326 1113 437 1181 progr.
459 1091 588 1158 lenens.
614 1114 645 1159 s·
669 1091 764 1176 1848)
797 1091 980 1158 Pleitnerus
1005 1092 1204 1161 Proelichins

152 1210 377 1278 Hommsenus
392 1207 480 1294 (bist
495 1207 593 1276 Rom.
611 1213 641 1275 ni
655 1207 732 1295 579)
746 1207 967 1277 Rossbachius
981 1210 1204 1299 Iungcluusse·

153 1349 216 1396 nm
244 1327 301 1395 niii
329 1335 557 1412 secesserunt,
593 1325 803 1393 deserendum
828 1347 908 1393 esse.
951 1327 1016 1394 inm
1044 1328 1205 1419 reliquum

155 1455 205 1513 ent
234 1455 272 1512 nt
291 1443 462 1512 nidenmus
489 1463 568 1511 num
588 1439 655 1511 Gsi
676 1463 891 1532 praenomen,
924 1444 1011 1533 quod
1034 1445 1097 1512 nin'
1118 1443 1205 1512 docti

153 1562 230 1630 oiim
264 1571 384 1654 pectre
416 1559 597 1627 Veronensi
628 1559 771 1628 tribuere
808 1541 976 1640 solebant,
1010 1561 1203 1629 testimoniis

154 1678 341 1748 melioribus
363 1677 566 1746 defendetur.
610 1699 708 1767 supro
728 1678 794 1744 iem
815 1675 980 1745 docuimus
1001 1677 1150 1744 codicum
1171 1679 1204 1744 in

154 1797 217 1866 beo
247 1795 472 1887 disquisitione
501 1795 625 1862 nullum
655 1796 881 1863 auctoritatem
911 1817 991 1863 csse.
1035 1817 1132 1885 quem
1161 1795 1204 1862 ob

154 1937 224 1983 rem
254 1915 281 1982 si
312 1913 400 1981 forte
430 1911 464 1980 in
495 1911 615 1980 codicis
644 1912 686 1991 P,
718 1912 944 2001 inscriptione,
980 1934 1078 2003 quem
1109 1935 1140 2002 p.
1165 1913 1205 1980 14

155 2031 331 2120 descripsi,
366 2029 560 2098 nocebulum
590 2029 873 2119 001.00mpum
894 2030 928 2097 in
954 2031 1016 2097 cat
1034 2030 1204 2098 emenden-

153 2147 232 2216 dnm
264 2157 368 2230 meet,
402 2146 483 2214 becc
513 2146 610 2214 lectio
636 2155 747 2214 tumen
777 2147 865 2214 omni
895 2145 960 2213 iidc
987 2155 1121 2215 cureret.
1169 2156 1204 2216 et

155 2263 303 2352 Billigins
334 2286 394 2354 pro
427 2264 490 2332 (bi.
518 2264 602 2331 bene
632 2263 701 2330 Vol.
733 2262 806 2330 ie.
847 2262 962 2330 vcors
987 2263 1129 2332 restitnit
1162 2287 1202 2333 ec

154 2382 379 2450 mmmmm
411 2380 498 2472 quod
530 2381 733 2472 epigramma
762 2378 883 2449 Catulli
915 2380 1000 2448 libro
1027 2381 1061 2447 in
1090 2381 1202 2451 codice

153 2499 216 2567 boc
235 2497 384 2588 proxime
405 2499 598 2566 antecedens
622 2498 671 2566 ite
697 2498 882 2566 inscribitur
903 2496 1091 2564 Homerum
1118 2497 1203 2565 Geo-

153 2617 225 2684 nies'
260 2617 437 2684 Veronensis
465 2617 611 2683 Orotonb
639 2613 826 2684 Okrtsrim
853 2615 890 2682 tis
923 2617 1051 2682 mamm
1088 2615 1208 2684 Valerii

154 2733 268 2803 omiti
286 2739 349 2801 ebus
370 2735 510 2819 cocceius,
532 2735 575 2800 cf.
597 2731 790 2803 Rossbecbii
805 2753 914 2820 progr.
933 2733 1108 2800 Vretislen.
1123 2755 1156 2821 p.
1172 2731 1203 2799 3.

152 2851 300 2920 similiter
319 2851 360 2918 de
379 2849 590 2940 inscriptione
609 2849 730 2918 codicis
754 2849 1005 2938 Guelferbyteni
1027 2847 1056 2916 0
1076 2848 1130 2915 uel
1150 2849 1202 2933 65,

153 2969 191 3054 2,
224 2991 290 3059 qus
314 2966 503 3036 Huscbkius
531 2968 628 3034 ensli.
655 2967 717 3034 litt
739 2989 769 3056 p.
791 2967 832 3034 47
854 2967 897 3036 sd
918 2966 983 3035 Gai
1004 2987 1202 3056 praenomen

153 3085 392 3154 defendendum
414 3085 568 3168 abutitur,
590 3107 641 3152 res
657 3107 692 3152 se
713 3085 821 3170 hebet,
844 3109 917 3154 cnm
931 3107 1063 3174 prorsus
1077 3081 1203 3150 futilem

155 3225 227 3270 enm
247 3225 320 3271 esse
341 3201 581 3270 sdcuretissime
598 3204 729 3292 probari
743 3204 856 3293 possit.
884 3195 973 3270 'nem
995 3225 1068 3268 cum
1084 3201 1204 3268 codicis

154 3321 252 3388 huius
283 3319 406 3410 ubique
426 3318 728 3409 interpoletionibus
748 3319 944 3387 foedissimis
964 3319 1123 3411 inquinati
1144 3322 1202 3407 (cf.

155 3435 350 3506 Rossbscbii
371 3437 471 3527 prees.
492 3460 521 3526 p.
540 3439 611 3524 mu)
638 3437 751 3506 folium
772 3439 933 3527 primum,
963 3437 998 3506 in
1020 3461 1085 3529 quo
1113 3461 1204 3529 pree-

152 3565 204 3624 ter
236 3555 367 3623 fitnlum
402 3556 546 3622 cennius
579 3555 641 3622 tric
676 3555 785 3645 priore
819 3557 940 3645 scripte
974 3567 1084 3640 erent,
1129 3555 1204 3622 clim

153 3673 309 3740 emissum
340 3697 361 3739 e
391 3695 489 3741 manu
519 3673 640 3740 recenti
675 3673 858 3762 suppletum
893 3674 936 3741 sit
967 3675 1021 3760 (cd
1055 3671 1204 3759 Silligius

152 3789 172 3858 Ι.
193 3815 221 3858 ο.
243 3813 277 3882 p.
298 3789 398 3876 264),
428 3813 524 3858 nemo
552 3791 614 3856 erit
641 3791 698 3878 qui
723 3789 923 3879 praenomini
953 3791 1031 3875 Oai,
1063 3789 1150 3878 quod
1171 3788 1205 3855 in

151 3909 246 3978 fitulo
281 3908 387 3992 inest,
427 3907 524 3975 iidem
562 3905 689 3973 bebai.
743 3929 821 3974 num
860 3908 894 3974 in
934 3905 1006 3975 eiiis
1040 3903 1203 3974 codicibus
