3002 4490
290 335 340 388 ”b
680 336 746 390 xm
780 337 827 390 Da
847 336 941 390 VARO

290 503 430 568 camnine
450 527 512 568 mom
535 501 572 568 L.
592 503 721 568 Vam'am
740 503 937 588 familiarem
952 503 1075 570 Horatii
1093 505 1339 588 cormmrmnrmi,

289 643 368 706 quiae
388 621 496 704 opimio
515 619 636 704 fallaci
654 623 756 706 spem'e
776 645 877 706 anper
889 622 1006 707 fucata
1032 633 1094 697 est,
1124 623 1179 686 aad
1206 619 1337 703 Varum,

288 748 322 801 ut
341 749 418 802 rmte
443 739 587 802 ucetiam
606 737 846 820 Lachmamame,
877 751 906 803 et
933 740 1000 824 qnia
1026 738 1077 802 illc
1098 735 1204 824 suerit
1232 737 1336 802 Vama

288 855 404 918 rectius
419 860 611 940 experturus
627 877 692 918 aare
706 855 782 920 mibi
792 854 901 920 aeileor
916 857 950 920 im
965 855 1025 919 alio
1039 854 1150 930 libello,
1171 859 1201 919 im
1215 877 1273 942 quo
1295 854 1336 920 dc

288 971 355 1035 mita
382 983 409 1034 et
438 971 627 1036 carminibus
651 970 763 1036 Coralli
782 970 946 1036 disseram.
990 994 1084 1060 quem
1114 970 1232 1038 librum
1260 993 1335 1037 oum

288 1085 452 1173 Hauptius
473 1107 537 1152 non
560 1085 634 1151 dum
659 1087 805 1170 ediderit,
826 1086 920 1153 nobie
942 1087 1018 1174 ipsis
1036 1087 1264 1175 experiendum
1285 1098 1336 1154 eat

289 1225 363 1270 num
392 1225 487 1290 quem
511 1203 631 1268 Varum
659 1201 827 1269 adlocutus
856 1203 897 1269 sit
926 1202 1072 1270 Catullus
1102 1204 1271 1292 contingat
1298 1213 1336 1270 ut

168 1367 177 1381 .
288 1320 492 1407 reperiamus
535 1331 633 1408 atque
654 1320 716 1384 hoc
731 1320 869 1408 primum
884 1319 1048 1408 Hauptius
1063 1322 1240 1388 rectissima
1254 1319 1337 1387 uidit

289 1437 382 1503 sicuti
404 1436 478 1501 olim
502 1435 650 1502 Isaacum
668 1437 818 1503 Vossium
840 1439 1016 1523 (obseruat.
1038 1459 1070 1524 p.
1085 1438 1141 1526 22)
1163 1439 1208 1504 ita
1229 1459 1335 1524 nuper

288 1551 509 1622 Weicbsrtum
540 1554 594 1638 (de
616 1554 653 1620 L.
681 1553 769 1621 Varii
798 1564 831 1619 et
851 1553 956 1620 Cassii
984 1555 1169 1622 Parmensis
1200 1556 1269 1621 uita
1301 1564 1335 1619 et

288 1670 490 1739 carminibus.
521 1671 654 1738 Grimae
677 1671 772 1754 1836)
796 1707 830 1720 ·-
862 1673 890 1737 is
916 1673 1000 1737 enim
1019 1681 1070 1738 ast
1097 1672 1187 1738 cuius
1217 1691 1334 1738 nomen

288 1785 450 1877 Hauptius
472 1789 603 1854 reticuit
626 1826 660 1838 -
686 1811 758 1854 cum
782 1787 817 1854 L.
840 1783 972 1853 Varium
995 1787 1124 1854 Horatii
1144 1798 1178 1854 ct
1192 1787 1333 1876 Vergilii

286 1901 475 1971 familiarem
502 1903 671 1972 aOatulla
698 1915 981 1970 commemoratum
1014 1927 1085 1972 esee
1118 1903 1334 1988 crediderunt,

287 2031 354 2088 tota
386 2042 421 2087 re
453 2041 584 2088 errasse.
638 2023 716 2089 boni
752 2020 879 2111 quidem
919 2023 992 2088 libri
1021 2023 1054 2088 in
1085 2022 1227 2090 carmine
1257 2045 1281 2088 x
1316 2023 1334 2086 1

296 2133 397 2203 Varus
417 2161 463 2204 ma
492 2163 579 2204 meua
604 2137 648 2204 ad
668 2163 741 2205 aesca
761 2160 879 2205 amares
899 2137 1070 2206 lectionem
1101 2139 1217 2205 Varius
1244 2159 1335 2226 praa-

287 2253 366 2320 bent
393 2279 400 2319 :
429 2257 474 2322 ita
504 2251 794 2342 Sangermansnsis
833 2255 1050 2323 Santoniauus
1094 2277 1204 2322 omnes
1235 2251 1335 2323 Statii

288 2379 320 2438 ct
341 2372 464 2461 aliquot
483 2365 591 2438 Vossii
613 2371 751 2456 codices,
773 2384 885 2441 contra
906 2371 979 2440 libri
1000 2373 1040 2451 P,
1064 2381 1097 2438 at
1118 2371 1158 2450 P„
1180 2382 1213 2438 et
1234 2369 1335 2438 Ham·

287 2487 457 2577 burgensis
488 2486 603 2556 Varrus
621 2486 750 2573 babent,
773 2489 806 2556 in
828 2487 969 2556 Furiana
994 2489 1141 2557 Puteano
1158 2487 1334 2555 Drasdensi

296 2605 393 2671 Vama
421 2605 561 2692 legitur,
594 2607 681 2695 quod
710 2609 768 2673 etsi
797 2625 909 2672 uerum
938 2616 1006 2688 est,
1041 2617 1148 2673 tamen
1175 2605 1333 2672 librorum

287 2723 399 2788 horum
416 2724 607 2790 auctoritato
626 2723 752 2790 defendi
765 2741 831 2790 uon
848 2734 978 2812 puteat:
998 2723 1071 2790 libri
1085 2721 1205 2789 Datani
1226 2722 1334 2789 scriba

287 2839 328 2904 ab
344 2838 433 2906 initio
449 2839 598 2908 carminis
608 2841 830 2928 praecedentis
840 2840 1012 2908 lectionem
1028 2842 1197 2906 Veranius
1208 2850 1334 2908 mutua-

286 2968 338 3023 tus
349 2967 406 3023 est„
428 2966 463 3024 at
476 2966 584 3024 tamen
597 2957 677 3022 illud
694 2957 811 3024 Varias
826 2959 877 3023 uel
889 2969 1022 3046 propter
1032 2979 1145 3024 uersus
1162 2977 1334 3024 numerum

287 3073 416 3162 probari
432 3075 555 3162 nequit
585 3095 735 3165 namque,
750 3085 787 3140 ut
799 3091 895 3162 supra
905 3097 936 3162 p.
946 3074 1008 3140 229
1023 3074 1173 3159 diximus,
1184 3071 1335 3141 Catullus

287 3194 297 3257 i
319 3191 466 3258 uocalem
487 3189 520 3256 in
543 3211 717 3258 consonam
740 3192 857 3257 mutari
878 3211 1052 3279 numquam
1070 3191 1154 3258 siuit
1197 3190 1334 3258 Varium

285 3308 386 3396 igitur
405 3306 553 3376 Catullus
573 3326 638 3374 non
668 3309 949 3390 commemorauit,
978 3307 1034 3374 aad
1063 3319 1100 3374 ut
1129 3309 1161 3372 in
1189 3307 1334 3375 cumina

285 3447 352 3491 xxu
382 3425 515 3492 Varum.
565 3425 807 3514 quamverum
837 3445 909 3489 cum
938 3423 1054 3490 Alieno
1085 3423 1235 3490 carminis
1261 3447 1334 3490 xxx

286 3567 306 3608 a
332 3543 439 3608 multis
461 3542 539 3608 uiris
560 3539 664 3608 doctis
692 3541 773 3607 falsa
794 3543 1002 3607 coniunctum
1023 3551 1056 3608 et
1076 3565 1136 3630 pro
1157 3542 1193 3608 P.
1215 3541 1333 3608 Alfeno

287 3659 375 3724 Varo
402 3658 480 3723 iuris
509 3659 657 3725 consulto
679 3659 822 3725 habitum
845 3679 918 3724 aesc
938 3659 1015 3725 itam
1035 3659 1098 3724 iam
1121 3681 1219 3746 supra
1237 3679 1269 3746 p.
1292 3658 1334 3724 83

287 3773 529 3863 explicabimus.
573 3775 627 3840 aad
661 3775 806 3862 quisnam
830 3773 935 3840 Varus
957 3773 1011 3840 illa
1031 3773 1122 3841 fuiti
1151 3796 1171 3839 c
1198 3795 1332 3840 numeru

287 3879 495 3981 interpretum
518 3891 663 3958 Muretus
685 3893 774 3958 solue
796 3891 956 3979 quandam
975 3893 1044 3956 ueri
1072 3893 1333 3980 praesensionem
