2954 4492
438 353 465 405 V
498 353 547 406 DE
562 353 741 409 aurumve
758 353 913 408 aarum
1158 357 1207 410 no

158 521 216 588 illa
234 519 391 606 taberna,
424 521 466 588 ad
493 541 590 610 quam
612 520 779 588 uisendam
812 543 894 610 copa
916 521 1050 612 Syriaca
1070 524 1210 591 inuitans

159 639 244 705 inter
258 637 323 704 aliu
337 651 382 704 eat
394 639 447 704 lte'c
459 637 567 726 inquit
579 641 695 704 munde
708 639 810 724 Cerea,
825 641 981 723 memor,
997 654 1043 706 eat
1054 643 1210 709 Bromiau.

160 753 302 842 praeiuit
323 755 424 842 igitur
445 753 587 843 quodam
619 755 716 822 modo
738 754 853 822 Clodia
875 757 1024 843 exemplo
1046 779 1104 826 auo
1123 757 1210 826 Mea-

163 871 303 954 aaliuae,
334 869 429 938 uxori
457 871 538 938 Diui
560 869 704 954 Claudii,
735 871 862 937 mudieri
890 872 1139 957 famosissimae,
1172 875 1212 940 de

161 1011 227 1076 qua
247 987 413 1055 quenalis
434 987 468 1056 iu
490 996 599 1056 aatura
620 1011 652 1056 vi
676 989 735 1054 115
756 989 836 1054 haec
857 988 950 1072 dixit,

807 1163 961 1234 Claudiae
982 1167 1063 1230 audi

263 1301 344 1368 meuc
364 1279 474 1345 tulerat.
517 1279 650 1344 dormire
670 1280 771 1345 armon
793 1304 861 1346 cum
882 1293 1024 1346 renarrat
1043 1305 1134 1366 uuor,

263 1419 383 1462 aumcrc
402 1408 564 1462 nocturnae
585 1399 735 1462 meretrice
756 1397 897 1482 Aupurta
918 1397 1047 1463 cucullos

262 1535 341 1578 auca
362 1511 509 1578 Palatino
530 1525 557 1578 at
575 1523 697 1600 tapetem
717 1511 882 1600 praeferre
902 1515 996 1579 euboli

261 1629 417 1716 linquebat
438 1633 542 1694 cernite
563 1629 674 1693 anullo
695 1653 754 1694 nen
775 1627 911 1715 amplc‘ua
931 1653 1004 1711 una,

263 1758 292 1810 et
311 1747 436 1833 ciprum
451 1746 540 1829 flaua
560 1747 676 1810 crinem
698 1745 906 1811 abscondente
923 1745 1033 1832 palere

262 1865 394 1929 intrauit
414 1863 661 1930 cub'dum'uetera'
679 1877 802 1929 cantuae
823 1865 961 1950 lupanar

264 1993 292 2043 ct
312 1979 418 2044 cellam
438 2003 569 2044 uacuum
591 1992 679 2066 atqua
701 2003 788 2045 auam
808 2007 820 2045 .·
840 1993 910 2044 tuna
932 1983 1016 2044 auda
1040 1979 1170 2066 papillis

262 2097 399 2182 prostitit
419 2096 539 2161 auratis
561 2097 684 2161 tiliolum
706 2101 829 2161 mcutda
850 2096 1005 2182 Lyciscae.

248 2272 372 2338 Verum
403 2273 491 2338 enim
522 2294 601 2338 uero
640 2271 704 2338 iam
736 2271 859 2338 dudum
891 2271 998 2339 omnia
1031 2271 1213 2338 clamabant

161 2387 333 2471 Clodiam,
376 2401 517 2455 accitum
546 2389 632 2466 uile,
668 2412 689 2454 a
720 2387 851 2456 Catullo
884 2387 1094 2456 deserendam
1130 2410 1212 2454 aare.

160 2513 262 2594 poeta
292 2504 363 2593 ipae
384 2503 526 2572 tundam¹
549 2504 721 2592 aliquando
752 2506 914 2572 intellexit
942 2528 976 2572 ee
1007 2528 1070 2592 quo
1093 2505 1212 2570 diutiua

162 2645 240 2688 oum
261 2620 381 2691 Lesbia
401 2621 617 2690 familiaritate
646 2621 785 2709 quadam
818 2623 1007 2688 coniunctus
1038 2631 1141 2704 esset,
1174 2643 1211 2687 ou

162 2737 278 2806 mmor-i
300 2739 335 2805 id
359 2739 420 2806 eibi
443 2739 562 2827 probro
585 2741 728 2806 futurum
752 2761 839 2817 ecee,
866 2750 962 2826 atque
987 2739 1049 2805 nisi
1070 2761 1212 2806 amorem

161 2855 253 2922 illum
283 2858 435 2923 miserum
466 2857 629 2944 deponere
661 2867 694 2922 et
715 2857 822 2922 onmia
844 2853 980 2923 Clodiae
1001 2854 1130 2922 uincula
1151 2854 1212 2920 die·

161 2994 314 3062 rumpere
334 2973 469 3056 ualemt,
490 2993 622 3040 neaerae
635 2973 709 3038 fore
728 2981 765 3038 ut
779 2971 989 3058 ignominiam
1004 2981 1037 3038 et
1050 2970 1214 3038 infamiam

162 3092 338 3156 maximam
367 3090 435 3156 aine
457 3089 582 3176 pudore
603 3099 636 3156 et
650 3089 759 3157 dolore
782 3090 867 3155 ferre
888 3089 1104 3156 adsuesceret.
1146 3099 1213 3154 tum

163 3215 263 3296 pocta
288 3206 430 3273 animum
457 3205 584 3294 erigena
604 3204 757 3272 Lesbiam
785 3207 933 3273 deserere
954 3206 1039 3295 apud
1070 3227 1105 3272 ae
1126 3227 1214 3272 cona·

162 3325 260 3392 tituit.
302 3325 538 3414 primumcum
561 3325 704 3391 earmina
724 3347 784 3393 aua
804 3325 923 3390 amaria
946 3323 1071 3412 pristini
1094 3321 1214 3412 gaudia

162 3455 196 3509 et
217 3443 401 3532 uoluptates
431 3441 629 3508 celebrantia
654 3465 753 3530 penae
774 3441 927 3508 Lesbiam
948 3461 1080 3513 manere
1101 3441 1211 3522 nollet,

160 3559 205 3626 ab
232 3580 272 3626 ea
299 3557 355 3624 illa
386 3559 581 3648 repoposcit.
625 3559 681 3626 aad
711 3558 826 3627 Olodia
854 3561 986 3647 opinata
1014 3581 1049 3625 aa
1072 3557 1212 3624 animum

161 3675 285 3744 Catulli
315 3674 554 3741 iracundiorem
588 3674 730 3740 artificiis
762 3674 826 3740 illie
863 3674 982 3763 quibua
1017 3683 1083 3740 tam
1119 3697 1213 3762 eaepa

158 3803 291 3884 poetam
312 3791 375 3859 aibi
395 3790 668 3858 reconciliauiaaet
682 3792 777 3858 facile
799 3791 1019 3880 mitigaturam
1041 3815 1122 3869 esee,
1148 3814 1216 3856 car·

157 3911 248 3978 mina
278 3907 417 3975 reddere
447 3909 618 3976 recusauit.
660 3918 728 3975 tum
755 3906 902 3977 Catullus
929 3907 1150 3996 indignatione
1182 3917 1216 3974 et
