2920 4492
255 353 288 404 ss
539 315 562 402 ι1
585 347 1018 405 nnrounuevscsrvm

254 529 454 606 praenomen
475 514 542 584 Gai
563 513 693 584 Catullo
717 515 915 584 attribuatur
934 514 1060 600 nescio,
1091 515 1154 582 hoc
1176 524 1303 583 tantm

256 635 322 702 scio
346 633 524 718 Osaunurn,
547 655 626 700 cam.
642 655 682 700 ex
706 633 814 700 uerbis
836 653 920 723 quae
941 631 1086 720 Silligius
1106 634 1140 700 in
1162 634 1305 704 editione

254 773 287 840 p.
303 751 325 817 3
343 751 384 818 ‹le
398 749 518 818 Catulli
532 751 740 839 praenomine
758 751 843 833 iecit,
863 750 954 816 illum
969 750 1003 816 in
1017 750 1141 839 aliquot
1162 775 1182 818 c
1202 761 1305 820 semet

254 866 325 956 ipso
355 868 547 936 examinatis
581 868 744 936 codicibus
772 868 814 936 G.
841 877 951 934 notem
977 867 1158 955 repperisse
1177 869 1304 935 conclu·

258 985 358 1070 aleret,
381 987 548 1052 annuisse.
579 983 1304 1074 namqueSilligiusipseenneliumphilologi-

256 1123 368 1168 corum
382 1102 454 1168 loco
473 1123 569 1192 quem
586 1103 651 1168 iam
672 1102 798 1191 saepius
819 1102 914 1168 eonii
928 1125 962 1190 p.
973 1101 1037 1166 284
1051 1099 1089 1178 Ain
1110 1103 1177 1168 ullo
1192 1102 1305 1168 codice

258 1241 355 1309 quem
376 1220 446 1308 ipse
470 1219 658 1286 contulisset
677 1241 872 1307 praenomen
893 1219 1046 1307 scriptum
1070 1240 1140 1286 esse
1160 1219 1304 1306 negauit.

256 1335 400 1421 denique
431 1357 473 1403 ne
503 1336 545 1401 ed
571 1335 688 1424 lepidis
717 1335 848 1425 quidem
875 1335 1037 1425 hodieque
1065 1335 1215 1402 Veronae
1247 1337 1305 1403 ed·

257 1454 378 1522 seruati
405 1453 646 1542 inscriptionem
672 1453 757 1518 hanc
778 1452 822 1518 D.
847 1453 895 1519 M.
917 1451 1089 1539 Ipss'tlsillns
1111 1452 1306 1520 dulcissime

262 1573 297 1637 0.
333 1571 470 1636 Valerius
509 1568 648 1638 Catullus
686 1569 836 1656 leporibus
870 1575 933 1636 seris
967 1593 1103 1636 moereas
1125 1572 1236 1656 pascal
1263 1591 1305 1637 ex

262 1685 423 1776 Oismpini
458 1687 672 1754 monumentis
702 1687 829 1754 Romae
864 1686 957 1754 editis
988 1705 1072 1754 anno
1106 1687 1188 1754 1690
1218 1688 1306 1776 apud

261 1805 462 1872 Tentuelium
495 1804 612 1892 colloq.
633 1809 663 1870 ιη’
688 1805 747 1870 136
768 1813 816 1887 et,
849 1814 886 1872 ut
914 1825 933 1870 e
960 1802 1235 1872 Schurtnfleischii
1263 1804 1305 1870 ed

260 1923 375 1989 quen.
398 1921 496 1988 schol.
515 1945 546 2010 p.
562 1922 625 1988 339
650 1920 757 1989 Crem.
783 1921 891 1989 uerbis
913 1921 1048 2006 conicio,
1069 1921 1104 1988 in
1124 1921 1306 1988 Meluesise

259 2060 373 2104 marm.
402 2037 521 2104 Felsin.
543 2063 574 2127 p.
595 2039 848 2128 ooerspstinm
871 2041 1043 2128 quisquam
1072 2047 1108 2106 ut
1129 2037 1193 2106 Gai
1215 2061 1306 2127 prae·

259 2176 377 2221 nomen
415 2165 545 2220 tueatur
585 2155 794 2244 prouocabit,
838 2156 959 2245 quippe
993 2176 1076 2243 qnae
1114 2177 1157 2222 ex
1184 2153 1306 2222 Catulli

261 2271 403 2338 carmine
428 2271 596 2358 trigesimo
617 2273 720 2339 altero
751 2271 918 2361 pueriliter
938 2273 1015 2340 fieta
1043 2272 1100 2356 sit,
1130 2273 1171 2340 cf.
1193 2273 1305 2340 Maffei
1450 2311 1451 2314 ¹

262 2411 344 2456 mus.
367 2389 488 2458 Veron.
509 2413 541 2478 p.
566 2389 675 2472 190,7
704 2399 737 2456 et
759 2389 912 2457 Osannus
941 2388 982 2455 de
1014 2389 1224 2477 praenomine
1245 2389 1306 2456 Ge·

260 2505 333 2573 tulli
353 2529 383 2595 p.
407 2507 456 2572 13.
500 2515 613 2572 contra
640 2516 739 2574 testes
766 2507 830 2574 duo
855 2506 1035 2594 incorrupti
1063 2529 1102 2572 ee
1128 2507 1306 2596 locupletes

261 2623 295 2690 in
323 2632 475 2712 promptu
505 2633 583 2690 sunt
607 2625 663 2712 qni
689 2647 748 2712 pro
770 2623 836 2691 esi
857 2624 1063 2712 praenomine
1082 2633 1185 2708 stent,
1218 2625 1307 2712 Apu·

260 2741 343 2809 laius
376 2750 409 2807 ct
440 2741 671 2830 Hieronymus.
715 2762 852 2830 quorum
879 2741 934 2807 ille
960 2740 994 2806 in
1024 2742 1098 2808 libri
1126 2740 1167 2808 de
1197 2743 1309 2828 magis

262 2859 368 2947 capite
396 2858 520 2925 decimo
548 2881 581 2946 p.
602 2857 665 2926 405
685 2856 833 2925 Oudend.
855 2858 918 2925 279
939 2859 1086 2927 Elmenh.
1107 2859 1188 2926 hese
1206 2859 1310 2926 uerba

262 2976 390 3065 scripsit
410 2977 458 3042 leis
478 2978 551 3042 iliud
569 2977 663 3042 sliam
684 2977 864 3062 reprelardi
876 2977 1121 3043 animodasertisti
1131 2979 1218 3064 quod,
1239 2997 1307 3042 coss

262 3095 333 3162 αἰίἰε
353 3095 523 3161 nominihus
541 3095 641 3180 possi
657 3105 814 3177 cossam,
843 3117 897 3180 epo
925 3117 977 3160 eos
998 3093 1168 3160 Olariassm
1188 3107 1217 3160 st
1239 3093 1307 3160 Osi·

263 3214 340 3278 hom
355 3213 569 3298 adpellslcrim.
598 3211 707 3278 ecdem
719 3215 809 3297 ipilsss
827 3233 923 3298 opera
936 3207 1128 3277 cementi).
1145 3209 1306 3288 Οαὴιὶἰιιπι,

265 3331 346 3418 qaod
364 3329 511 3395 Lesbiam
528 3351 587 3416 pro
616 3327 721 3394 Oloslio
746 3329 910 3395 aommrit
929 3340 956 3394 st
987 3327 1130 3394 licidcm
1156 3329 1307 3411 simililer,

265 3446 349 3534 qaod
362 3469 438 3534 quus
452 3445 575 3512 Metello
600 3459 666 3520 srot
685 3443 840 3512 Perillam
853 3447 1021 3532 compserit.
1053 3467 1118 3535 quo
1131 3445 1201 3512 loeo
1218 3453 1308 3534 quot·

266 3571 346 3654 quot
376 3562 503 3629 codices
531 3563 651 3630 conlati
673 3564 802 3630 suntin
823 3563 964 3630 lectione
985 3585 1082 3652 quem
1104 3562 1309 3631 exhibuimus
1450 3635 1451 3642 χ

265 3680 485 3764 consentiunt,
518 3679 545 3746 si
573 3702 638 3747 non
667 3681 747 3748 nulli
776 3679 967 3748 omittuntur
987 3681 1021 3748 0.
1048 3678 1192 3746 Θαίιιὶωη
1219 3701 1309 3768 prae

263 3801 377 3868 bentes
408 3797 466 3884 (ci.
494 3797 739 3866 Hildebranrlus
769 3796 811 3864 ed
838 3798 870 3865 h.
892 3797 914 3864 l.
941 3820 973 3886 p.
1000 3797 1078 3882 465)
1105 3819 1114 3862 r
1143 3819 1240 3886 quem
1267 3795 1308 3864 el

266 3937 407 3982 errorem
438 3916 604 4002 uulgarem
639 3915 756 4004 Apulei
787 3913 912 3982 scobes
943 3915 1005 3982 hoc
1038 3915 1110 3983 loco
1135 3935 1174 3980 eo
1202 3915 1308 4001 magis
1450 3953 1451 3974 .
