3002 4490
272 345 322 398 tte
571 345 648 398 xtm
683 347 731 400 ult
749 345 905 400 OAlelE
921 345 1022 398 uxrn

270 507 432 597 displicet,
454 509 506 576 uel
528 529 566 576 eo
588 511 675 600 quod
697 512 830 578 Lorium
851 511 973 593 lucum,
1000 511 1040 579 sd
1062 531 1158 599 quern
1180 509 1323 578 Corum

269 625 365 692 situm
388 637 455 710 est,
477 627 526 694 his
548 629 697 696 uersibus
718 628 887 716 intellegit.
931 626 1038 715 quid?
1060 629 1208 694 lecumne
1230 629 1323 696 illum

269 744 530 810 amoenissimum
547 743 693 812 Catullus
711 744 898 831 designaret
917 743 1036 810 telibns
1057 744 1166 810 uerbis
1187 746 1252 827 (10.
1273 747 1323 810 ll.

270 861 313 926 ci.
336 859 431 926 etiem
451 861 482 926 4.
504 861 560 944 26)

417 999 524 1043 oerum
545 983 630 1044 totuis
649 989 681 1042 ut
701 979 788 1044 uuo
807 977 995 1065 putidaeque
1008 978 1132 1065 palemo

417 1095 605 1160 liutilt'seimo
626 1099 818 1182 mucimeque
838 1107 880 1160 ert
899 1093 1064 1181 profrudo
1085 1093 1228 1184 compo?

268 1208 341 1298 quis
370 1211 499 1298 insuper
527 1209 639 1276 credet
664 1209 749 1278 locui
771 1211 886 1294 Lario,
909 1232 1004 1298 quem
1031 1209 1195 1298 Vergilius
1212 1213 1320 1298 (geor-

268 1327 365 1414 gicon
401 1350 420 1392 u
455 1327 529 1412 159)
558 1321 754 1394 ‘maximum'
789 1329 920 1394 uocauit
947 1329 1004 1412 (cf.
1035 1325 1155 1394 Strsbo
1185 1351 1226 1392 nn
1257 1326 1319 1393 192

267 1465 290 1508 v
309 1443 381 1509 209.
403 1443 501 1527 213),
529 1455 645 1532 pontes
673 1467 826 1534 umqusm
856 1444 1010 1534 inpositos
1039 1443 1167 1510 fuisse?
1209 1443 1319 1530 ireque

268 1561 294 1626 si
322 1581 363 1627 ex
385 1561 653 1648 explicationibus
674 1563 715 1628 od
736 1562 797 1628 boc
817 1573 944 1650 tempus
965 1562 1138 1650 propositis
1167 1559 1318 1648 eligendo

268 1687 317 1744 est
349 1699 446 1766 quem
471 1679 616 1766 probem,
651 1677 769 1745 Mureti
797 1678 1043 1746 difficultstibus
1069 1678 1217 1744 lsbcrsre
1240 1676 1319 1742 milri

269 1794 398 1860 uidetur
419 1794 574 1876 minimis,
598 1795 672 1862 dum
695 1795 794 1860 modo
816 1795 982 1862 Coloniam
1005 1794 1092 1862 illem
1112 1793 1176 1861 iem
1196 1803 1319 1880 tempo·

267 1910 356 1976 ribus
377 1911 498 1979 Catulli
526 1912 687 1978 conditum
715 1913 812 1976 fuisse
840 1909 1055 1978 demonstrari
1076 1910 1187 1999 possit
1230 1910 1318 1997 quod

267 2036 304 2092 ut
333 2025 412 2092 nulli
445 2026 638 2095 dubitationi
677 2027 854 2093 obnoxium
888 2029 947 2110 sit,
979 2029 1128 2095 conicere
1159 2028 1319 2116 pontinum

267 2142 458 2226 Coloniam,
503 2143 657 2232 oppidum
690 2143 841 2211 Veronae
877 2141 1017 2210 uicinum
1028 2193 1038 2226 ‚
1074 2145 1134 2212 snb
1171 2142 1320 2211 stlminis·

266 2261 406 2327 tretione
435 2271 467 2327 et
496 2261 623 2348 legibus
650 2261 751 2349 ipsius
773 2261 923 2328 Veronee
955 2261 1055 2328 fuisse
1086 2271 1119 2328 et
1148 2269 1321 2348 propteres

266 2377 431 2446 Catullum
445 2379 582 2446 incolum
598 2377 687 2444 illum
705 2377 860 2446 Coloniae
881 2373 984 2444 ‘suum
998 2371 1204 2466 municipem'
1217 2377 1320 2444 uomi-

265 2517 344 2562 nere
364 2496 507 2582 potuisse
528 2496 585 2580 (cs.
608 2495 744 2563 Reinius
766 2497 798 2561 in
820 2495 925 2562 Poulii
947 2497 1072 2584 encycl.
1094 2516 1116 2559 v
1137 2494 1209 2560 226.
1230 2494 1320 2580 227).

348 2612 462 2699 Pergit
491 2611 665 2702 disputatio
695 2611 737 2678 ed
761 2633 891 2678 cermen
912 2631 1014 2694 uxrn,
1036 2613 1123 2699 quod
1145 2611 1320 2678 Turnebus

267 2729 445 2811 (oduerssr.
473 2751 528 2795 xvi
560 2729 592 2813 1)
624 2751 727 2818 seque
759 2751 798 2794 ec
826 2729 938 2796 folium
967 2729 1113 2816 Sibyllae
1147 2728 1320 2794 obscurum

266 2855 300 2912 et
341 2845 579 2913 tenebricosum
613 2869 678 2912 non
721 2846 840 2913 iniuris
883 2845 1071 2913 nominauit.
1128 2856 1236 2913 temen
1263 2867 1320 2912 ex·

265 2961 363 3051 periri
398 2985 458 3030 nos
493 2972 621 3052 oportet
663 2985 740 3029 uum
776 2963 918 3030 fabulum
960 2963 1112 3030 carminis
1154 2961 1319 3050 explicere

267 3083 466 3169 contingat:
487 3102 553 3169 que
571 3102 636 3147 uon
658 3090 829 3169 perspecte
856 3102 987 3146 cormcn
1014 3079 1159 3167 intellegi
1187 3101 1319 3167 prorsus

265 3221 330 3265 non
349 3208 466 3287 potest.
511 3221 594 3286 quse
623 3219 675 3263 res
705 3220 777 3264 cum
806 3197 849 3264 sit
877 3196 1066 3264 difficillimo
1087 3197 1136 3282 (id
1158 3197 1245 3285 quod
1263 3195 1320 3264 uel

266 3315 500 3404 discrepantiae
534 3315 764 3382 sententiarum
804 3317 1090 3402 gremmeticorum
1132 3314 1318 3398 teruntur),

266 3453 326 3498 nou
346 3451 412 3497 non
440 3430 473 3497 id
495 3431 623 3518 egimus
651 3442 687 3498 ut
711 3433 863 3500 tenebras
893 3452 1004 3497 ornnes
1033 3430 1151 3498 nostris
1179 3429 1319 3520 explice-

265 3549 406 3616 tionibus
435 3547 656 3638 dispellsmus,
685 3547 742 3614 sed
772 3557 901 3614 utnon
927 3548 1033 3614 nullos
1054 3547 1169 3614 saltem
1191 3569 1318 3616 errores

266 3685 349 3752 qnos
369 3665 562 3753 interpreter
586 3666 768 3754 superiores
788 3687 854 3730 non
877 3666 1041 3732 enitorunt
1061 3665 1207 3752 effugere
1223 3687 1318 3732 cone-

266 3803 349 3848 mur.
391 3805 443 3849 rso
473 3783 574 3870 igitur
603 3805 684 3873 quse
706 3786 740 3850 iu
762 3785 906 3851 csrmine
927 3801 1015 3850 nxvu
1037 3779 1185 3850 Oetullus
1206 3783 1319 3871 tetigit

265 3899 369 3989 megis
390 3923 487 3990 quern
510 3903 656 3968 norreuit
676 3900 723 3967 sic
743 3901 812 3966 lere
832 3923 867 3967 se
889 3899 1037 3966 habuisse
1059 3902 1252 3987 putauerim.
