2970 4484
289 331 340 383 246
540 327 565 378 X
599 329 647 381 DE
665 327 844 382 vnusuulo
860 327 908 380 ΕΤ
924 326 1090 381 enemo

291 498 504 584 interruptum
527 494 627 561 fuisse
648 493 832 582 adpareat?
857 515 932 560 nam
953 503 1027 581 post
1047 493 1108 560 iter
1130 490 1342 580 Bithynicum

292 612 405 680 foedus
432 611 639 680 dissociatum
668 610 816 686 Catullus
845 633 908 678 non
933 611 1116 677 renouauit.
1158 631 1265 676 nonne
1287 611 1341 676 uel

291 731 364 798 ideo
396 730 598 818 inprobabile
629 738 678 793 est
708 750 837 794 carmen
866 750 920 792 xru
952 726 1146 794 carminibus
1177 749 1277 792 xxuru
1308 735 1344 794 et

291 867 426 914 xxxxvu
449 847 585 934 aequale
606 843 707 910 ease?
750 845 806 910 scd
822 867 863 909 ne
876 844 938 910 hac
953 843 1081 931 quidem
1097 842 1343 911 ratiocinatione

291 963 468 1030 aduersarii
496 961 598 1028 nostri
626 986 646 1027 a
674 961 834 1028 sententia
866 984 924 1026 sua
957 961 1178 1028 deterreantur
1209 980 1343 1027 necesse

293 1088 350 1146 est.
393 1079 535 1146 dixerint
557 1078 652 1161 enim,
674 1098 747 1143 curn
770 1076 802 1142 in
826 1079 966 1142 carmine
981 1099 1034 1142 xru
1053 1077 1231 1164 Hispaniae
1252 1076 1342 1141 nulla

291 1195 412 1262 mentio
433 1196 521 1260 facta
541 1194 598 1276 sit,
621 1192 700 1258 nihil
722 1191 851 1258 obstare
874 1214 938 1280 quo
960 1193 1066 1258 minus
1087 1193 1119 1260 id
1141 1193 1342 1280 temporibus

291 1312 338 1376 eis
369 1311 486 1400 quibus
517 1307 636 1375 Catulli
675 1319 708 1374 et
738 1306 877 1376 Lesbiae
909 1307 1082 1374 concordia
1108 1309 1244 1396 pristina
1273 1331 1342 1375 non

291 1426 368 1493 dum
389 1426 519 1493 turbata
540 1426 639 1491 fuerit
659 1403 852 1492 ascribatur.

373 1546 420 1610 At
451 1542 514 1608 iam
556 1540 676 1608 eisdem
709 1541 803 1624 telis,
840 1541 958 1630 quibus
993 1541 1038 1607 illi
1075 1553 1186 1608 contra
1218 1563 1278 1608 nos
1305 1564 1341 1608 se

291 1660 463 1727 defendere
488 1659 630 1748 possint,
658 1658 706 1724 usi
734 1658 796 1745 ipsi
824 1659 1067 1746 pronuntiamus
1089 1681 1195 1746 neque
1216 1661 1250 1724 in
1272 1681 1339 1726 car

290 1777 376 1844 mine
404 1799 505 1843 xxvru
539 1799 645 1866 neque
676 1777 710 1842 in
735 1799 871 1844 xxxxvu
904 1774 1078 1864 quicquam
1108 1776 1243 1863 reperiri
1273 1797 1338 1863 quo

289 1894 464 1961 Fabullum
479 1903 512 1960 et
526 1895 727 1960 Verennium
742 1916 816 1959 cum
830 1893 949 1959 Pisone
966 1901 1116 1981 praetore
1135 1893 1177 1958 in
1200 1893 1339 1981 Hispa·

289 2010 355 2078 nia
376 2011 474 2078 fuisse
503 2012 739 2098 conprobetur,
767 2021 935 2098 praeterea
964 2008 997 2076 in
1025 2009 1219 2076 carminibus
1241 2032 1284 2076 xu
1306 2017 1340 2076 et

289 2151 364 2211 vitu,
385 2127 549 2216 inquibus
564 2127 646 2193 illud
660 2127 835 2192 amicorum
850 2148 909 2213 par
923 2125 956 2191 in
971 2125 1128 2212 Hispania
1149 2125 1247 2190 fuisse
1267 2147 1336 2191 nar·

288 2254 388 2323 ratur,
409 2267 451 2310 ue
472 2244 607 2310 uerbum
630 2241 759 2332 quidem
781 2243 822 2309 de
844 2251 1001 2330 praetore,
1024 2241 1142 2308 nedum
1164 2241 1204 2308 de
1218 2241 1339 2308 Pisone

288 2372 439 2450 praetore
461 2370 583 2428 extare.
626 2381 733 2427 nonne
752 2359 853 2448 igitur
874 2358 989 2426 eodem
1010 2359 1079 2425 iure
1102 2379 1166 2448 quo
1183 2359 1338 2446 interpre-

289 2479 376 2546 tibus
404 2479 547 2546 carmina
574 2477 629 2544 illa
653 2486 806 2566 quattuor
828 2477 912 2543 inter
933 2499 968 2542 se
989 2476 1187 2562 coniungere
1207 2475 1337 2564 placuit,

288 2617 348 2662 nos
382 2603 419 2660 ut
453 2594 595 2661 carmina
629 2593 937 2682 duodetrigesimum
980 2601 1013 2660 et
1051 2581 1337 2681 quadragesimum

289 2713 461 2800 septimum
489 2712 531 2778 ab
557 2734 641 2778 nono
663 2721 696 2776 et
716 2709 905 2778 duodecimo
928 2719 961 2776 et
982 2709 1108 2776 decimo
1129 2711 1225 2776 tertio
1247 2730 1337 2796 seps·

288 2837 400 2894 rentur
427 2828 592 2918 postulare
620 2819 807 2916 possumus,
839 2827 1027 2916 praesertim
1056 2827 1083 2893 si
1105 2826 1260 2892 Pisonem
1281 2825 1337 2893 eli·

289 2967 403 3034 quem,
435 2946 491 3034 qui
518 2945 603 3012 inter
631 2968 733 3012 annos
760 2945 876 3024 697157
905 2955 937 3012 et
964 2944 1081 3022 700154
1109 2943 1142 3008 in
1168 2943 1338 3031 prouincia

289 3062 433 3152 qualibet
452 3073 583 3150 praetor
605 3063 667 3130 fuit
687 3072 720 3130 et
741 3063 831 3129 cuius
852 3085 957 3130 mores
978 3063 1126 3129 uersibus
1145 3059 1337 3129 Catullianis

289 3178 439 3268 descripti
468 3179 571 3246 uideri
599 3188 750 3268 possunt,
779 3179 919 3267 reperire
945 3178 1049 3246 lieet?
1092 3199 1197 3266 neque
1218 3177 1338 3244 frustra

289 3296 450 3364 bominem
478 3297 574 3364 ulem
599 3297 706 3384 gentis
728 3295 923 3384 Calpurniae
948 3293 1231 3382 circumspicimus.
1273 3295 1336 3360 iarn

286 3411 597 3502 Mami-Legunt
634 3415 668 3480 in
704 3415 785 3481 cetis
822 3413 987 3480 litterariis
1030 3412 1221 3479 lenensibus
1261 3409 1337 3477 anni

287 3529 369 3596 1790
391 3532 453 3616 (nr.
476 3530 537 3596 180
560 3553 578 3596 ιι
601 3529 676 3616 718)
707 3529 849 3596 breuiter
876 3530 959 3596 dixit
989 3529 1028 3596 L.
1051 3528 1263 3617 Calpurnium
1284 3527 1337 3594 Pi-

286 3667 399 3711 sonem
428 3645 644 3714 ansoninum
676 3671 696 3713 a
730 3647 859 3716 Catullo
892 3648 1083 3735 castigatum
1119 3667 1199 3712 esse.
1252 3645 1336 3710 idem

209 3739 213 3748 Ι
287 3765 560 3852 Iungoleussenus
589 3787 738 3854 quoque,
768 3765 819 3831 uir
840 3765 879 3832 de
901 3775 969 3832 tota
989 3765 1049 3830 bac
1071 3763 1260 3853 quaestione
1282 3784 1337 3850 op·

288 3881 365 3948 time
397 3881 530 3950 meritus
541 3931 551 3967 ,
583 3881 638 3968 qui
671 3904 781 3949 eorum
811 3906 896 3971 quae
916 3880 1228 3970 Martyui·Lagunu
1255 3878 1338 3947 dixit
