3002 4490
305 341 354 390 ³10
675 335 736 388 xlll
771 337 819 388 Du
838 333 981 389 carons

302 503 511 570 Cornificium
541 501 752 570 Hortensium
781 501 966 570 Laeuium:
996 501 1089 568 buius
1119 502 1206 569 euim
1237 513 1358 590 poetae

300 643 418 687 nomen
441 641 505 686 nou
528 619 640 687 dubito
662 621 741 710 quin
757 619 911 686 Heinsius
933 641 976 684 ex
995 617 1151 685 librorum
1175 618 1268 686 Serui
1284 619 1358 686 ieli-

300 738 425 804 cissime
453 737 625 803 elicuerit:
647 736 689 802 of.
710 734 809 802 Gellii
839 745 923 802 noct
945 734 1046 801 Attio.
1067 755 1153 800 xvssu
1174 734 1195 800 9
1217 734 1235 799 i
1258 745 1291 801 et
1313 736 1357 802 de

301 863 407 922 aetate
440 864 472 919 et
505 851 699 919 carminibus
729 850 843 918 Laeuii
866 849 1044 918 Weicherti
1078 851 1132 918 rel
1165 859 1251 939 poet
1277 850 1356 920 Lst.
1477 829 1484 914 ζ

198 1007 200 1012 -
300 994 332 1058 p.
353 971 396 1036 32
428 979 461 1037 et
492 969 627 1037 Luciani
656 967 804 1034 Muelleri
836 966 876 1033 ds
905 987 941 1032 re
969 977 1063 1034 metr.
1092 990 1123 1054 p.
1150 967 1201 1032 lb.
1234 989 1276 1032 ex
1307 966 1357 1036 eis
1483 943 1484 966 i

299 1111 383 1178 quae
416 1088 478 1176 ipsi
512 1109 610 1174 suprs
645 1085 853 1152 disseruimus
887 1083 1050 1152 Catullum
1084 1107 1157 1150 cum
1181 1082 1288 1152 Caluo
1321 1095 1358 1151 et
1483 1111 1484 1128 ²

301 1205 405 1272 Oinns
426 1215 459 1270 et
480 1201 653 1271 Cornificio
675 1213 709 1270 et
730 1201 920 1283 Hortensio,
954 1202 1008 1288 qui
1039 1221 1152 1267 omnes
1177 1202 1210 1268 in
1231 1200 1357 1269 eisdem

300 1322 367 1388 fere
390 1321 567 1386 cerminum
590 1319 764 1406 generibus
787 1318 1012 1399 elaborarunt,
1041 1317 1289 1384 familiaritatem
1317 1341 1358 1386 re
1483 1327 1484 1406 ᾖ

303 1461 381 1504 uera
404 1437 605 1503 contraxisse
626 1442 828 1522 perspectum
851 1445 908 1500 est.
946 1433 1023 1500 item
1044 1453 1146 1521 usque
1168 1435 1211 1502 ad
1226 1445 1356 1524 tempus
1483 1429 1484 1446 ¹

303 1575 367 1643 quo
389 1525 631 1639 in'Bithyniam
653 1552 819 1638 profectus
841 1562 889 1618 est
910 1550 1057 1618 Catullus
1076 1551 1264 1618 Memmium
1286 1552 1356 1618 lau-

303 1673 381 1737 toris
402 1680 499 1757 atque
528 1668 656 1756 patroni
686 1669 756 1734 looo
784 1669 898 1736 habuit
920 1669 977 1752 (of.
1000 1690 1099 1756 supra
1119 1692 1150 1756 p.
1173 1669 1241 1736 163.
1266 1670 1356 1756 165).

305 1788 378 1877 quis
404 1787 504 1874 igitur
531 1785 703 1852 mirabitur
732 1787 758 1851 si
781 1783 930 1852 Catullus
957 1785 1125 1851 familiaris
1150 1785 1213 1852 fuit
1234 1796 1267 1853 et
1286 1809 1357 1853 cor·
1483 1843 1484 1870 ,

304 1925 377 1970 men
400 1903 531 1992 aliquod
553 1902 638 1968 misit
653 1901 770 1970 Catoni
792 1924 922 1991 quoque
944 1927 951 1968 ε
974 1925 1114 1990 quocum
1137 1913 1258 1992 quante
1278 1905 1357 1970 smi-

305 2019 380 2085 oitia
402 2018 516 2102 Cinna,
538 2029 633 2106 poete
651 2018 780 2087 Catullo
803 2019 1023 2104 amicissimus,
1046 2021 1238 2087 coniunctus
1258 2020 1356 2087 fuerit

304 2136 403 2225 ipsius
423 2132 548 2202 Cinnae
572 2137 670 2224 (apud
695 2134 887 2202 Suetonium
909 2135 950 2202 de
971 2159 1104 2224 gramm.
1128 2136 1182 2221 11)
1203 2137 1243 2202 de
1259 2135 1355 2204 (lato-

304 2255 355 2320 nis
376 2254 520 2320 carmine
542 2255 593 2319 cui
609 2253 736 2320 Dionae
751 2254 802 2319 uel
817 2253 1001 2341 Dictynnae
1021 2275 1138 2320 nomeu
1158 2254 1220 2320 fuit
1240 2277 1355 2321 uersus

304 2379 441 2436 testatur
469 2370 521 2435 hic
551 2369 681 2436 Saeculo
705 2383 887 2456 permaneat
913 2375 1010 2436 troam
1035 2369 1188 2457 Ds'ctynno
1219 2371 1354 2451 Gnoso,

306 2485 393 2573 quod
428 2509 557 2553 carmen
594 2485 813 2574 mythologice
850 2499 1040 2572 argumento
1083 2486 1214 2554 doctum
1254 2490 1355 2554 misse

305 2602 453 2670 Nsekius
482 2604 527 2690 (p.
549 2602 625 2688 272)
652 2612 739 2668 recte
767 2601 900 2669 censuit
943 2602 1047 2668 simile
1075 2602 1224 2688 Ticidae,
1258 2625 1356 2692 quem

307 2731 339 2785 et
361 2721 465 2806 ipsum
488 2717 626 2786 Ouidius
647 2719 680 2784 iu
701 2721 849 2787 uersibus
870 2717 935 2785 illis
963 2719 1160 2804 nominauit,
1188 2721 1229 2786 de
1249 2719 1357 2808 Lydis

307 2835 442 2904 Ontonia
464 2835 620 2902 iudicium
636 2844 707 2903 est:
725 2835 824 2922 byrsa
839 2835 995 2903 doctom
1007 2837 1151 2903 monimo
1171 2859 1248 2904 caua
1266 2838 1354 2905 liber.

304 2964 473 3041 praetereo
502 2954 587 3040 apud
619 2952 811 3022 Suetonium
839 2955 902 3020 duo
931 2953 1022 3020 Furii
1042 2954 1206 3038 Bibaculi,
1236 2953 1356 3023 (latoni

304 3072 372 3136 fero
395 3070 550 3159 aequalis,
574 3071 805 3159 epigrammate
827 3081 941 3138 extant
962 3073 995 3137 in
1016 3071 1132 3159 quibus
1154 3070 1237 3140 Osto
1255 3072 1356 3138 leudi-

304 3189 365 3254 bus
392 3189 524 3253 aummis
552 3180 788 3274 praedicetur:
807 3187 930 3255 ironiae
958 3189 1043 3254 enim
1072 3199 1106 3255 et
1133 3188 1356 3276 ombiguitstis

305 3303 488 3388 aculeatae,
523 3325 603 3392 quas
624 3302 832 3372 Weichertus
854 3305 924 3387 (rel.
946 3313 1031 3392 poet
1054 3303 1126 3372 Lat.
1149 3327 1179 3390 p.
1201 3303 1279 3389 357)
1302 3305 1355 3372 de·

306 3421 506 3508 prehendere
528 3421 590 3488 sibi
612 3421 699 3487 uisus
721 3430 779 3504 est,
801 3420 880 3486 nihil
903 3420 935 3486 in
952 3422 998 3486 sis
1020 3421 1105 3487 inest
1119 3420 1176 3506 (cl.
1191 3419 1354 3488 Nsekium

306 3537 347 3602 sd
362 3536 520 3604 Catonem
543 3561 574 3625 p.
588 3538 676 3621 269).
720 3537 858 3625 denique
880 3539 913 3603 in
935 3537 1045 3626 primis
1066 3539 1165 3626 digus
1179 3547 1255 3605 sunt
1269 3561 1356 3626 quse
1483 3599 1484 3602 ,

305 3653 488 3722 adcuratius
510 3655 751 3742 perpenduntur
776 3653 856 3721 haec
877 3656 978 3721 uerba
999 3653 1146 3722 Suetonii
1169 3657 1226 3742 (de
1247 3677 1356 3742 gram
1479 3657 1484 3690 l

305 3783 380 3838 met
404 3773 457 3856 ll)
480 3793 487 3834 :
510 3771 613 3837 decad
635 3772 709 3838 Coto
730 3771 841 3838 motos
862 3783 890 3838 et
909 3771 1021 3838 cotim
1041 3772 1190 3858 comque
1210 3785 1256 3838 est
1270 3779 1356 3860 peri-
1483 3829 1484 3864 ,
