3002 4490
392 377 445 430 XII
478 377 526 430 Dlt
544 375 650 430 (ΜΔ
667 375 867 430 ΗΟΒΤΕΝΒῙΟ
885 375 1040 430 umato
1189 377 1240 430 tet

196 519 443 611 narratiunculis
464 543 548 610 Piut.
566 541 606 610 de
625 543 744 631 gamul.
765 567 797 631 p.
809 543 873 610 513
895 541 973 609 Luc.
995 542 1037 608 de
1057 542 1128 610 hist
1151 565 1239 609 cons·

195 659 274 726 crib.
301 660 342 726 bi
377 659 545 726 Welckeri
572 660 655 748 cycl.
681 658 861 748 op.1102)
888 660 1082 726 tumidorum
1111 659 1240 726 nomine

195 775 366 844 aOutnlio
393 777 454 842 hoe
482 776 553 842 loeo
581 775 736 862 insignita
763 775 873 842 faisse
925 775 1008 842 hane
1039 773 1239 841 uanissimam

195 893 287 959 uerbi
306 886 439 960 ‘tumidi'
460 892 706 980 explicationem
728 900 802 980 post
821 891 984 958 Muretum
1000 901 1032 958 et
1049 891 1238 957 Turnebum

195 1007 337 1093 (aduers.
358 1030 457 1076 xxvm
478 1010 520 1075 38
541 1032 572 1098 p.
594 1009 690 1094 1085)
721 1008 929 1077 Weicbsrtua
961 1010 1031 1094 (rel.
1061 1020 1145 1097 poet.
1166 1008 1238 1075 Lat.

195 1147 225 1212 p.
244 1123 318 1209 182)
340 1125 561 1192 Bernhardius
583 1125 671 1210 (hist.
690 1126 751 1192 litt.
767 1124 885 1193 Graec.
908 1150 928 1192 ιι
951 1129 968 1191 l
990 1126 1067 1210 288)
1090 1125 1241 1214 Vngerus

195 1239 251 1322 (de
272 1241 354 1308 Tan.
377 1239 471 1308 Gom.
493 1265 523 1331 p·
544 1243 579 1330 6)
600 1251 686 1310 reete
713 1243 785 1310 tuiti
814 1253 897 1308 sunt
943 1243 1009 1309 iam
1037 1243 1112 1309 uide
1142 1263 1240 1331 qaam

195 1366 271 1445 apte
293 1356 418 1426 Cinnae
446 1382 567 1447 paruas
595 1359 722 1428 libellas
743 1361 866 1428 tumido
888 1359 1030 1427 Tanusia
1052 1370 1240 1448 opponatur,

194 1473 286 1540 cuias
313 1475 446 1542 annales
488 1497 530 1544 ex
569 1477 695 1544 Seneca
727 1477 844 1544 scimus
875 1476 1015 1544 maxime
1043 1477 1241 1565 ponderosos

193 1591 302 1673 subse,
321 1613 523 1682 quorumque
534 1593 789 1682 magnitudinem
808 1596 906 1684 etiam
923 1592 1071 1662 Oatullns
1088 1592 1242 1680 respexit,

194 1729 267 1773 cum
299 1709 423 1774 laxae
453 1711 608 1776 scombris
634 1713 760 1778 tunicas
798 1733 855 1778 eos
887 1711 1018 1778 daturos
1042 1731 1113 1777 csse
1149 1709 1240 1777 dixit

195 1843 278 1912 quae
301 1845 373 1890 eam
394 1825 574 1905 scribimus,
595 1827 725 1894 nomine
741 1827 927 1895 Antimaebi
942 1827 1121 1893 'Panaciam
1143 1825 1241 1913 signi·

193 1937 308 2006 ficasse
329 1937 492 2007 Catullum
520 1942 758 2026 contendimus,
788 1965 872 2032 quae
901 1965 953 2009 rea
980 1942 1160 2009 certissima
1181 1951 1240 2010 est

194 2055 423 2124 Antimachum
452 2068 561 2125 antem
591 2058 696 2147 ipsum
728 2059 890 2127 Graccum
919 2072 1050 2146 poetam
1081 2058 1240 2148 hocloco

193 2194 215 2238 a
236 2171 366 2240 Catullo
388 2175 605 2262 significatam
627 2199 714 2257 csse,
742 2176 776 2243 id
797 2176 885 2266 quod
907 2178 1098 2264 interpretes
1120 2174 1240 2244 Catulli

195 2311 306 2356 omnes
328 2288 540 2375 crediderant,
563 2290 685 2378 primas
705 2291 890 2359 Fridericus
909 2291 1062 2362 Osannue
1083 2294 1136 2376 (ad
1152 2295 1240 2380 Apu·

193 2404 292 2472 laium
313 2406 353 2473 de
374 2407 517 2494 orthogr.
538 2430 569 2496 p.
591 2408 647 2492 24)
668 2419 756 2476 recte
775 2411 926 2497 negauit,
948 2431 1143 2499 quamquam
1164 2409 1241 2476 Pro-

193 2523 301 2590 culam
322 2525 483 2610 quendam
499 2523 688 2592 Callimachi
708 2525 901 2592 imitatorem
921 2528 961 2592 ab
977 2525 1097 2595 Ouidio
1113 2525 1238 2612 epistul.

193 2663 237 2708 ex
251 2642 355 2708 Ponto
377 2663 419 2707 ιιιι
441 2642 481 2707 16
499 2641 542 2708 32
562 2651 847 2710 commemoratam
868 2643 925 2727 (ex
945 2665 1009 2731 qao
1024 2643 1094 2710 loca
1110 2641 1240 2711 Ouidia-

193 2781 237 2824 no
270 2758 430 2846 Apuleias
465 2759 519 2824 ille
549 2770 740 2848 personatus
775 2781 834 2827 aaa
869 2763 890 2843 ξ
919 2762 940 2826 4
975 2771 1008 2826 et
1038 2761 1080 2826 43
1117 2762 1242 2828 furatus

194 2874 257 2960 est)
300 2899 319 2941 a
360 2872 490 2943 Catullo
530 2878 717 2944 Antimacbi
758 2879 888 2945 nomine
930 2877 1134 2966 designatam
1171 2899 1241 2944 esse

196 2991 370 3060 arbitratus
399 3003 469 3062 tota
495 3015 532 3059 re
558 2995 679 3062 errauit
708 2995 764 3080 (ef.
787 2995 883 3062 etiam
905 2993 1082 3061 Merkelias
1104 2992 1146 3062 ad
1167 2993 1242 3061 Ibin

194 3131 226 3197 p.
247 3109 336 3193 366).

249 3219 361 3293 'Cum
391 3227 491 3314 igitar
519 3249 634 3294 uersas
662 3249 768 3296 nonus
793 3237 826 3294 et
855 3227 998 3294 decimus
1019 3249 1092 3294 cam
1114 3247 1241 3315 praece

195 3341 345 3408 dentibus
366 3353 432 3409 tam
454 3353 523 3410 arte
551 3343 760 3428 cohaereant,
791 3367 848 3410 ear
869 3366 982 3411 uersas
1002 3343 1075 3412 illos
1096 3367 1115 3410 a
1136 3343 1241 3432 proxi·

194 3459 254 3524 mis
278 3471 445 3546 separatos
465 3460 637 3528 noluerunt
656 3459 782 3529 Statius
803 3460 1030 3528 Lachmannas
1050 3460 1241 3550 Haaptias?

193 3597 258 3641 non
273 3573 386 3642 dubito
398 3576 476 3666 qain
492 3577 605 3644 eadem
620 3579 661 3646 sit
673 3601 789 3646 caussa
804 3601 888 3663 qaae
902 3589 934 3644 et
948 3577 1188 3646 Froehlichium
1209 3589 1243 3645 et

195 3692 364 3779 Vngerum
395 3695 498 3761 mouit
529 3704 565 3762 at
595 3695 764 3762 Hortensii
795 3718 911 3762 nomen
944 3697 976 3762 in
1013 3716 1109 3760 uersa
1143 3695 1240 3762 tertio

193 3810 301 3876 locum
321 3809 441 3877 babere
466 3812 608 3899 potuisse
636 3822 802 3900 negarent.
843 3833 951 3901 neque
978 3811 1062 3878 enim
1089 3812 1239 3878 carminis

194 3927 356 3995 aentcmia
386 3927 538 3996 auiaeraa
568 3937 655 3996 recte
687 3927 863 4016 procedere
895 3927 1032 3996 uidetur.
1062 3927 1173 4015 ,quod
1205 3937 1240 3994 ut
