2970 4484
249 325 300 376 aab
453 319 531 374 vnn
564 321 613 374 Dll
630 319 788 374 massan
805 319 852 372 ET
867 317 1096 373 causamme

246 485 365 554 Publio
388 485 505 578 Cloelio
526 488 647 575 nupsit,
668 495 781 575 postea
795 485 911 554 clodio
932 509 961 553 a.
983 485 1015 551 d.
1035 489 1089 554 xui
1109 485 1173 552 kal
1195 485 1295 554 Febr.

247 605 323 670 anni
345 603 463 682 torsus
489 603 596 670 anniso
624 627 645 670 a
666 602 709 671 G.
738 601 909 670 Scribonio
938 600 1081 669 Curione
1107 601 1206 668 dueta
1233 613 1296 688 ast,

247 719 385 810 deniqne
405 729 634 808 posteaquam
656 717 755 786 Ourio
776 717 810 784 in
832 718 947 784 Abies
967 739 1053 784 anne
1071 717 1192 797 Ι705149
1210 741 1296 785 mar

246 846 313 904 tem
331 837 499 926 uppetinit,
523 857 608 904 auno
629 835 746 914 708146
767 857 839 902 aum
861 834 906 901 lb
925 835 1069 902 Antonio
1089 835 1296 902 matrimonia

247 975 283 1020 se
303 953 430 1038 iunxit,
456 955 490 1021 in
519 975 583 1041 que
606 975 690 1020 anno
712 952 830 1031 714140
851 963 980 1018 mortua
1000 961 1058 1019 eat.
1099 975 1139 1019 aa
1160 975 1201 1018 ne
1222 953 1296 1042 quis

247 1071 341 1136 nobis
373 1081 516 1158 opponat
541 1069 677 1136 Fuluiae
707 1091 814 1136 mores
843 1091 863 1134 a
889 1067 1076 1135 libidinibus
1105 1069 1295 1136 exornandis

246 1187 377 1274 longine
405 1187 524 1254 afuisse
552 1208 649 1273 qnam
684 1196 721 1252 ut
753 1185 800 1252 illi
828 1208 929 1252 aenae
958 1209 1028 1252 eam
1057 1185 1197 1252 adfuisse
1225 1185 1295 1252 ueri

247 1304 349 1372 simila
383 1303 441 1387 sit,
472 1304 515 1369 ed
546 1303 722 1372 Octauiani
748 1303 891 1390 Augusti
924 1304 1122 1391 epigramma
1152 1303 1294 1368 animum

246 1443 357 1488 eorum
376 1421 431 1508 qui
446 1422 559 1507 legent
573 1419 740 1487 attendere
755 1420 833 1486 satis
847 1420 1012 1501 babemus,
1034 1417 1121 1506 quod
1135 1418 1294 1486 Martialis

246 1537 470 1627 epigrammati
492 1559 550 1603 sno
572 1536 729 1624 nigesimo
751 1535 824 1602 libri
846 1559 878 1602 xl
899 1535 1044 1602 inseruit.

311 1697 401 1778 Quod
410 1694 515 1784 subsit
537 1697 719 1782 Glaphyran
741 1696 907 1779 Antonius,
931 1695 1010 1760 lane
1031 1695 1110 1760 miti
1124 1719 1252 1782 menam

396 1815 515 1881 Fuluia
535 1815 690 1892 consents,
711 1837 741 1877 re
762 1835 879 1901 quoque
899 1814 947 1878 uti
964 1813 1097 1897 futuam.

309 1931 451 1997 Fabulam
474 1954 527 2018 ayo
548 1943 580 1995 ut
599 1931 751 2015 faturum?
781 1931 857 2018 quid
875 1935 904 1996 ei
922 1953 971 1996 me
991 1929 1120 1994 Manius
1141 1942 1203 1995 orel

394 2048 547 2134 peditem,
561 2048 720 2135 faciam?
760 2071 820 2112 nen
838 2060 920 2133 puto,
942 2047 974 2113 si
992 2048 1121 2132 sapiam.

307 2159 382 2230 ‘Aut
392 2165 487 2252 firme
508 2178 562 2230 sut
580 2157 761 2251 puquemns'
781 2169 830 2230 uit.
873 2163 951 2252 quid
971 2163 1053 2251 quod
1073 2163 1154 2230 mila·
1170 2167 1237 2230 uua

396 2287 494 2346 carior
516 2295 557 2348 est
576 2287 642 2370 apsa
664 2281 827 2346 mentula?
867 2283 961 2370 seyne
981 2293 1099 2346 canant.

248 2449 312 2514 iam
333 2447 407 2515 uide
429 2470 526 2534 quam
548 2447 631 2514 bene
654 2447 695 2513 de
717 2447 858 2513 earmine
877 2445 1061 2514 Catulliana
1077 2445 1184 2512 omnia
1205 2467 1295 2512 eons-

248 2565 388 2654 pirent.·
421 2564 571 2632 Catullus
600 2585 684 2630 anuo
705 2564 823 2642 699s55
853 2564 894 2630 de
925 2561 1090 2630 adulteriis
1116 2564 1295 2630 innumera·

248 2681 365 2748 bilibus
391 2681 533 2748 eiusdem
554 2681 682 2747 Muciae
709 2681 854 2768 queritur
880 2703 964 2769 quae
984 2681 1089 2748 tribua
1110 2679 1203 2746 aunis
1224 2689 1297 2769 pest

248 2820 332 2864 anno
364 2797 481 2876 702152
513 2799 591 2864 illud
625 2797 804 2886 flagitium,
835 2797 922 2887 quud
953 2798 1102 2864 Valerius
1133 2796 1296 2864 Maximus

247 2914 401 3000 narrauit,
423 2914 643 2982 foedissimum
666 2916 734 2982 sine
755 2916 874 2982 rubore
896 2915 1066 2982 commisit.

330 3057 504 3145 Reliquum
534 3068 583 3126 est
605 3069 640 3124 ut
668 3057 709 3124 de
731 3081 795 3124 una
817 3077 976 3144 repausa
997 3054 1163 3122 addamus.
1201 3079 1297 3144 supra

249 3175 333 3242 enim
361 3177 441 3242 duos
468 3175 539 3240 illos
560 3173 691 3242 Muciae
720 3175 899 3251 adulteres,
934 3195 1072 3263 quorum
1100 3173 1296 3240 mentionem

248 3290 393 3359 Catullus
413 3293 500 3376 lecit,
523 3293 693 3360 Caesarem
709 3303 742 3358 et
757 3292 954 3359 Mamurram
974 3291 1073 3357 fuisse
1090 3291 1296 3358 oeniacimua

248 3420 416 3497 praeterea
443 3433 484 3476 ex
514 3433 610 3476 uersu
640 3408 782 3477 seeundo
804 3409 899 3497 facto
925 3409 1046 3475 marala
1069 3431 1170 3474 nana
1189 3413 1298 3474 &mm

249 3548 379 3593 sarman
411 3545 487 3594 extu
521 3551 605 3593 anne
636 3527 755 3605 699155
787 3527 943 3615 seriptum
977 3547 1046 3592 esse
1074 3525 1189 3613 patuit.
1240 3523 1296 3591 sed

248 3641 327 3732 quid
359 3653 427 3708 tum
454 3642 495 3708 de
522 3665 618 3711 uersu
646 3643 743 3710 tertie
771 3643 845 3726 liet,
878 3643 969 3708 euius
998 3641 1124 3708 initium
1156 3643 1219 3707 boe
1249 3652 1298 3709 eat

249 3772 424 3826 mammas
437 3759 507 3843 dae,
522 3781 605 3846 quae
615 3759 783 3839 uocabula,
801 3783 875 3826 cum
890 3781 1019 3826 sensum
1034 3759 1133 3824 totius
1149 3759 1298 3826 carminis

250 3875 353 3945 obiter
374 3899 474 3966 supra
491 3877 701 3964 respeximus,
717 3881 763 3944 ita
776 3877 844 3946 iere
858 3877 1102 3964 interpretenda
1116 3876 1187 3944 uisa
1201 3887 1297 3944 aunt:
