2954 4492
275 337 325 388 114
565 335 590 388 V
623 335 671 388 Du
690 335 868 390 sucumve
886 335 1041 390 curvum

271 501 389 580 676179
420 511 514 568 natus
536 511 594 568 est.
637 513 751 590 postea
774 503 900 572 Gellius
927 513 1020 590 pater
1050 501 1165 570 Polam
1183 527 1321 570 uxorem

272 618 456 707 repudiauit
478 644 486 683 ε
509 619 597 706 quod
619 642 677 685 cur
691 620 805 686 fecerit
822 622 991 707 ignoretur
1011 631 1239 708 nequctamcn
1262 621 1323 688 hac

271 736 303 800 in
327 755 362 800 re
384 735 594 820 offendemus,
617 736 768 825 quoniam
789 736 854 803 illis
879 737 925 803 rei
939 736 1089 825 publicae
1102 736 1223 804 liberae
1244 747 1323 804 tcm-

272 851 404 940 poribus
434 853 587 920 extremis
617 851 756 919 diuortia
792 854 877 919 inter
904 853 1057 940 coniuges
1081 854 1269 940 saepissime
1291 864 1324 920 et

271 976 404 1056 propter
420 991 552 1034 caussas
566 968 743 1034 lenissimas
759 968 890 1036 fiebant.
913 969 1028 1036 Polam
1042 992 1152 1036 ueroa
1162 969 1201 1036 L.
1213 971 1321 1038 Gellio

272 1083 470 1171 repudiatam
492 1083 538 1149 M.
553 1083 703 1150 Valerius
716 1085 866 1152 Messalla
882 1085 988 1174 Niger
1004 1088 1132 1170 (consul
1147 1111 1175 1152 a.
1189 1087 1322 1170 693161)

271 1201 477 1267 matrimonio
505 1202 567 1268 sibi
597 1199 762 1284 adiunxit,
798 1213 907 1285 natus,
939 1204 966 1270 si
988 1226 1029 1270 ex
1051 1204 1218 1272 consulatu
1244 1203 1323 1292 quid

273 1319 465 1384 concludere
487 1317 577 1400 licet,
600 1341 627 1384 a.
650 1319 809 1403 6601104,
839 1341 904 1408 qua
924 1341 997 1386 cum
1019 1343 1054 1387 re
1076 1319 1190 1386 (licere
1214 1319 1322 1404 (Brut.

274 1435 315 1501 70
336 1435 411 1518 246)
445 1434 605 1502 consentit
631 1435 742 1502 dicens
768 1437 813 1502 M.
843 1436 1026 1504 Messallam
1054 1447 1134 1505 natu
1164 1435 1323 1504 minorem

273 1575 370 1640 quam
392 1573 427 1617 se
440 1532 550 1617 fuisse
592 1551 619 1618 is
641 1574 681 1618 ex
695 1552 775 1619 Pola
789 1561 855 1620 tres
870 1552 953 1619 filios
967 1554 1160 1640 procreauit,
1182 1575 1323 1642 quornm

273 1668 467 1735 clarissimus
482 1667 528 1734 Μ.
544 1669 694 1734 Valerius
709 1668 861 1736 Messalla
877 1669 1037 1736 Coruinus
1052 1680 1147 1736 natus
1169 1680 1218 1736 est
1235 1671 1324 1736 circa

273 1808 391 1852 annum
405 1785 521 1863 687167
544 1786 598 1866 (cl.
621 1785 829 1852 Hermennus
851 1787 892 1854 ad
914 1785 1048 1852 Hieron.
1077 1811 1107 1875 p.
1125 1787 1164 1852 13
1187 1785 1323 1852 Reiffer-

273 1904 430 1970 scheidius
441 1902 483 1968 ad
496 1901 587 1970 Suet.
600 1927 631 1990 p.
643 1903 716 1988 83):
729 1902 843 1992 reliqui
858 1904 922 1969 duo
937 1903 1064 1970 Potitus
1078 1903 1226 1970 Valerius
1236 1903 1323 1972 Mes·

273 2021 352 2086 salla
367 2020 479 2086 consul
496 2019 651 2086 suffectus
665 2043 692 2086 a.
705 2019 822 2097 726129
841 2029 874 2086 ct
890 2019 1009 2086 Pedius
1026 2019 1201 2108 Poplicola,
1224 2041 1323 2108 quem

274 2137 315 2216 Q.
331 2136 461 2220 Pedius,
483 2136 568 2203 filius
591 2157 633 2202 ex
653 2159 763 2203 sorore
778 2135 819 2204 G.
834 2135 910 2204 Iulii
924 2135 1084 2220 Caesaris,
1105 2135 1166 2202 sibi
1187 2136 1323 2225 adopta-

274 2262 365 2318 uerat
386 2251 442 2337 (cf.
465 2253 657 2342 interpretes
684 2252 725 2318 ed
748 2253 828 2319 Hor.
852 2263 912 2320 sat.
936 2275 943 2316 r
967 2253 1077 2320 1028.
1098 2253 1173 2338 86),
1203 2253 1324 2343 quibus

273 2369 366 2438 annis
398 2369 466 2436 nati
495 2371 559 2436 sint
594 2371 701 2436 minus
737 2368 847 2458 liquet.
898 2370 939 2435 ‹le
968 2369 1067 2435 Potiti
1097 2379 1206 2437 tamen
1238 2393 1324 2438 anno

272 2488 371 2553 natali
393 2488 462 2553 eius
483 2487 667 2554 consulatus
688 2510 747 2554 nos
768 2487 807 2552 ad
830 2508 951 2553 annum
966 2486 1085 2564 682172
1099 2487 1198 2571 (lucit,
1220 2488 1267 2554 its
1287 2499 1325 2556 ut

273 2627 339 2670 non
360 2603 429 2670 sine
450 2626 563 2670 caussa
585 2604 688 2670 conici
710 2603 812 2690 possit
834 2603 1072 2670 matrimonium
1087 2603 1131 2669 Μ.
1151 2603 1324 2671 Messallae

273 2721 370 2808 Nigri
399 2732 432 2786 et
458 2720 557 2787 Polae
585 2720 671 2787 eirca
705 2744 824 2788 annum
855 2721 973 2800 680174
1000 2721 1114 2788 initum
1151 2743 1230 2788 esse.
1284 2720 1323 2786 L.

244 3085 247 3092 ·
274 3072 337 3118 sunt
353 3063 437 3118 uerba
453 3064 528 3130 haec,
546 3079 613 3130 quae
632 3065 665 3115 de
683 3063 734 3132 leg.
752 3063 771 3115 l.
788 3079 812 3116 c.
831 3063 935 3116 'Pullius
952 3065 1071 3118 Atticum
1088 3063 1218 3117 dicentem
1235 3066 1323 3118 facite

273 3161 393 3228 quoniam
415 3159 522 3212 Attenia
553 3158 642 3212 audire
663 3175 696 3212 ea
716 3156 829 3212 Pteros
851 3175 906 3212 mco
927 3160 1028 3210 memini
1051 3159 1173 3222 Gellium,
1206 3160 1324 3226 [mallia-

273 3271 327 3305 νοω
344 3262 421 3316 tuam,
440 3269 499 3306 com
515 3269 563 3322 pro
580 3252 684 3305 marala
699 3269 732 3304 ec
748 3261 872 3322 praemon
888 3254 917 3304 s'a
930 3252 1063 3305 &mium
1079 3254 1198 3314 anamael,
1217 3251 1324 3307 Attenia

274 3347 438 3416 philometor
464 3363 627 3399 conuocatae.
663 3361 731 3411 qnae
749 3345 831 3397 uerba
847 3347 885 3396 ita
902 3346 1056 3412 accipienda
1072 3362 1132 3399 esee
1148 3345 1272 3399 uidentur
1295 3354 1325 3399 ut

274 3439 420 3502 Phaedrus,
437 3439 612 3507 philosophus
622 3439 668 3490 ille
681 3439 837 3504 Epicureus,
854 3439 886 3490 Τ.
893 3439 1045 3508 Pomponio,
1061 3453 1122 3491 curn
1133 3440 1217 3492 Βοωι
1227 3441 1324 3493 relicta

274 3533 392 3585 Athenas
415 3535 546 3598 uenisset,
572 3548 700 3600 nuperam
722 3532 796 3584 illam
814 3547 870 3585 rem
892 3533 1031 3585 ridicnlsm
1054 3540 1081 3586 et
1100 3549 1180 3600 saepe
1209 3535 1324 3588 derisam

275 3627 431 3680 manauerit
467 3642 527 3680 oum
551 3643 615 3680 nero
640 3627 744 3679 Atticus
766 3642 835 3679 anno
859 3627 913 3678 lere
936 3627 1032 3691 669186
1056 3625 1173 3679 Athenas
1198 3629 1326 3696 migraret

274 3721 319 3785 (of.
337 3722 485 3773 Drnmauni
502 3721 552 3773 HR
568 3739 586 3774 v
604 3727 632 3786 1,
651 3725 711 3786 68),
738 3730 798 3772 ante
816 3721 888 3772 huno
906 3735 1003 3772 annum
1022 3719 1123 3772 Gellius
1141 3727 1248 3787 praetor
1264 3723 1323 3773 luit

274 3819 342 3868 ands
359 3815 471 3866 Reinirm
489 3815 526 3881 (in
536 3816 625 3867 Paulli
642 3815 782 3882 encyclop.
801 3829 829 3864 vr
848 3816 907 3882 118)
925 3813 1070 3881 coulegsrit
1077 3813 1107 3864 L.
1118 3815 1233 3866 Gellium
1252 3830 1323 3867 anno

275 3909 371 3976 618116
382 3909 426 3961 uel
444 3923 468 3960 a.
487 3909 583 3974 819116
600 3909 627 3959 in
645 3909 758 3960 amenis
775 3923 823 3975 pro
841 3913 962 3976 praetera
979 3908 1061 3962 mose
1077 3908 1199 3976 maidens
1216 3909 1322 3976 ignoro.
