3002 4490
277 309 328 364 2¹10
476 307 529 362 111
562 309 610 362 DE
628 307 734 362 OlNNA
752 305 953 364 mommio
970 307 1125 362 nemeto

277 474 495 541 Froehliehius
518 477 566 560 (in
587 485 756 542 eomment.
785 473 876 540 need.
898 475 1024 541 Moneo.
1045 497 1068 538 v
1089 497 1118 540 m
1140 474 1217 558 270)
1240 477 1324 543 erbi-

276 594 352 658 truti
374 603 459 688 sunt.
491 591 615 680 etquid
631 593 671 658 de
686 591 862 658 Hortensio
878 591 1083 657 statuendum
1103 590 1181 657 est‘l
1212 613 1324 659 omnes

276 709 332 796 qui
352 709 449 775 hodie
470 707 511 773 de
539 707 684 775 lectionis
706 711 887 774 Hortensius
917 707 1052 774 ueritate
1080 730 1146 774 non
1174 708 1324 776 dubitent

275 827 394 892 nrnlnm
417 825 505 890 illum
527 837 656 914 poetam
679 824 721 906 Q.
737 825 947 891 Hortensium
970 823 1117 892 Ortelum
1140 826 1239 891 fnisse
1260 826 1321 891 sibi

276 952 515 1030 persuaserunt.
550 963 634 1030 quse
656 940 764 1031 opinio
785 942 880 1008 nelde
903 963 1048 1030 speciose
1070 953 1128 1007 est.
1160 941 1213 1007 ille
1235 943 1320 1008 enim

276 1059 341 1142 uir,
364 1059 420 1147 qui
443 1069 552 1125 orator
573 1058 703 1146 quidem
725 1081 874 1146 magnam
897 1059 958 1124 sibi
979 1059 1108 1124 leudem
1130 1061 1321 1146 conparauit

275 1187 308 1242 et
339 1198 411 1241 cum
438 1175 548 1242 Tullio
580 1174 634 1240 diu
661 1174 702 1240 cle
730 1175 934 1262 eloquentiae
962 1175 1144 1264 principatu
1175 1175 1320 1255 oertsuit,

274 1304 372 1382 poete
393 1315 465 1358 eum
488 1293 600 1358 eodem
622 1290 781 1358 Cicerone
802 1293 1031 1380 conponendus
1053 1303 1116 1376 est,
1145 1293 1236 1358 ouius
1254 1314 1321 1358 eer-

274 1407 362 1476 minn
389 1429 484 1474 nemo
510 1409 640 1496 ignoret
681 1430 779 1496 quum
807 1409 871 1475 sint
900 1409 1026 1474 misere.
1080 1407 1207 1476 Gellius
1234 1408 1318 1474 enim

273 1527 417 1592 noetium
438 1527 622 1593 Atticorum
643 1526 714 1592 loeo
741 1548 837 1614 quem
858 1526 921 1592 iem
943 1547 1040 1614 supro
1060 1548 1091 1613 p.
1112 1525 1176 1591 255
1194 1523 1320 1612 excrip-

273 1641 373 1710 simus
398 1653 527 1731 prester
547 1663 650 1731 pones
673 1642 793 1712 catulli
814 1655 845 1708 et
866 1642 962 1710 Gelni
983 1642 1126 1708 oermine
1147 1641 1319 1731 quiequam

274 1782 346 1825 eum
367 1760 613 1826 Anacreontieis
640 1759 835 1826 carminibus
863 1759 1032 1847 conparari
1058 1781 1151 1847 posse
1173 1758 1316 1847 negauit.

273 1899 343 1941 nom
370 1877 475 1965 inquit
504 1875 640 1942 noiomo
668 1877 809 1962 r'rspliootn
839 1887 865 1940 et
892 1873 1074 1941 Hortensius
1100 1878 1265 1941 inuenerem
1292 1887 1320 1941 d

275 1991 376 2058 Oiasso
396 1995 534 2078 inlepslto
555 2006 584 2058 st
597 1995 761 2058 Mesene
776 1991 858 2058 duro
877 2015 918 2058 oe
937 1995 1080 2078 deusoopo
1100 2017 1200 2058 omnes
1221 1991 1318 2058 rudeis

264 2109 414 2196 feserunt
442 2123 471 2175 et
497 2109 619 2176 obsonu-
662 2109 785 2175 aceedit
811 2118 847 2175 ut
869 2109 984 2175 (liuere
1010 2107 1143 2195 (erutor.
1170 2109 1212 2174 38
1242 2107 1316 2192 132)

273 2225 485 2290 Hennensium
506 2225 697 2291 indicauerit
722 2224 839 2293 melius
867 2224 985 2292 dixisse
1013 2247 1109 2314 qnam
1142 2224 1316 2312 scripsisse.

272 2341 390 2432 quoin
412 2343 485 2408 loeo
508 2341 699 2422 Quintiliani
721 2342 761 2408 de
782 2341 894 2408 eodem
916 2340 1070 2408 iudicium
1093 2341 1217 2409 nititur.
1261 2343 1316 2430 qni

269 2471 382 2548 postes
402 2481 498 2547 quem
522 2461 569 2545 (xi
590 2460 611 2525 3
630 2460 666 2546 5)
688 2459 870 2527 adfirmauit
893 2460 948 2525 nel
977 2458 1171 2524 mediocrem
1201 2458 1317 2524 emtio-

270 2599 345 2644 nem
367 2577 490 2642 uiribus
516 2575 649 2642 notionis
673 2578 929 2644 commendatam
949 2575 1021 2664 plus
1044 2597 1140 2664 quum
1163 2576 1316 2663 eptimam

271 2691 385 2758 eedem
405 2692 460 2758 ille
481 2692 666 2759 destitutam
685 2694 802 2759 hebere
824 2693 987 2775 momenti,
1010 2715 1074 2758 non
1096 2691 1191 2758 nullis
1212 2703 1315 2758 oretu-

270 2809 359 2875 ribus
389 2809 423 2873 in
454 2809 570 2897 quibus
598 2808 682 2874 sotio
713 2807 905 2902 dominetur
922 2809 1116 2875 enumeratis
1136 2809 1185 2876 his
1205 2811 1316 2897 pergit

269 2926 379 2992 uerbis
400 2951 408 2991 ε
428 2929 487 2992 lae
507 2924 662 3011 (notione)
690 2925 752 2992 Ges.
774 2925 932 2992 &murm
956 2926 1031 3012 poe
1058 2927 1213 3013 wintonie
1242 2949 1313 2992 eon-

269 3057 400 3108 seoutnm
430 3065 519 3130 mom
550 3042 718 3129 eloquentie
756 3045 847 3108 model
874 3041 934 3127 (Μ.
957 3041 1108 3128 Cieero),
1138 3042 1242 3108 eodem
1272 3043 1312 3108 G.

271 3160 446 3226 Graculum
467 3208 475 3225 .
498 3207 507 3225 .
530 3208 538 3225 .
568 3173 596 3224 et
614 3160 782 3226 Antonium
804 3173 830 3224 et
852 3159 1002 3225 &essum
1023 3163 1150 3225 multum
1169 3161 1312 3242 uoluisse,

266 3279 433 3362 plurimum
457 3297 528 3341 uero
557 3277 595 3355 Q.
619 3277 824 3342 Hortensium.
866 3279 957 3343 eurise
983 3277 1035 3342 rei
1045 3277 1136 3362 fider
1164 3289 1209 3341 eet
1232 3275 1315 3363 quod

268 3393 335 3457 eules
355 3393 466 3478 scripto
487 3405 600 3457 tantum
621 3391 712 3477 sirfiu
725 3391 856 3477 famam
884 3405 968 3475 suot,
996 3415 1056 3480 quo
1084 3393 1140 3458 diu
1165 3415 1313 3479 pnooepr

268 3521 379 3590 orator,
400 3508 566 3595 oltonoodo
586 3509 724 3574 aemulus
744 3507 896 3574 &eonio
917 3511 1105 3575 sueonum
1125 3521 1185 3591 est,
1206 3510 1312 3574 nonio

268 3630 341 3690 sune
361 3628 462 3712 mund
489 3629 564 3690 uiuit
583 3624 732 3691 senardus
753 3653 764 3692 .·
783 3638 818 3690 ut
843 3627 990 3712 adparent
1008 3627 1167 3713 phoenissa
1192 3625 1314 3713 altered

267 3765 301 3807 eo
320 3746 435 3808 dicente
454 3745 534 3828 qnod
552 3743 679 3826 nyseus
699 3765 758 3808 nou
776 3745 944 3808 onesimus
965 3743 1020 3826 (ol.
1043 3743 1140 3807 etiem
1160 3737 1309 3808 Oieeron.

267 3857 331 3924 din.
352 3857 385 3924 in
408 3857 528 3926 Ceeoil.
545 3858 585 3922 14
597 3857 639 3922 46
660 3857 753 3924 Brut.
767 3857 808 3923 88
822 3859 885 3924 303
905 3857 1012 3924 Veler.
1027 3857 1115 3924 Μαι.
1136 3857 1309 3926 memorem
