2970 4484
357 329 433 381 vnn
467 329 515 382 Da
534 329 692 383 CAESARE
710 331 757 384 ΕΤ
776 329 1007 384 ΟΔΕΕΔΒῙΔΝΙΒ
1158 333 1206 386 ²81

162 493 276 584 utique
297 495 508 563 recusandam
526 517 607 562 osse.
650 507 684 564 et
704 498 782 584 quid
804 519 890 563 nunc
916 498 956 564 de
976 495 1122 564 Mentula
1142 495 1212 564 Fir·

161 635 259 679 mano
298 612 381 680 fiet?
416 636 491 680 num
533 615 693 692 sententia
729 636 826 701 quam
860 614 900 681 de
932 613 1100 680 Mentulae
1132 635 1211 680 uero

161 731 291 796 nomine
314 751 411 817 supra
431 731 666 819 proposuimus,
687 752 760 797 cum
781 729 929 797 Mentula
951 754 970 798 a
992 728 1122 798 Catullo
1144 751 1210 796 non

161 847 265 934 possit
284 841 497 912 ‘Formianos'
517 846 696 935 adpellatus
725 867 796 913 esse
808 893 818 930 ‚
848 856 918 914 tota
946 846 1109 914 reicienda
1134 845 1210 912 est?

160 963 291 1028 minime
317 963 388 1030 hoc.
431 965 476 1030 ita
503 965 588 1030 enim
609 985 662 1029 res
684 985 718 1029 se
739 964 859 1030 habere
879 963 1018 1030 uidetur.
1062 961 1210 1030 Catullus

159 1101 234 1146 oum
262 1079 459 1146 Mamurram
490 1080 688 1148 carminibus
716 1080 844 1168 insequi
877 1077 1057 1168 coepisset,
1090 1081 1208 1167 partim

159 1197 290 1263 nomine
320 1217 398 1262 uero
434 1197 524 1263 illum
556 1196 683 1264 dixerat
717 1197 886 1281 (xxvnub
921 1215 986 1262 nvn
1008 1195 1061 1280 2),
1091 1197 1210 1285 partim

156 1311 288 1380 nomine
310 1314 454 1401 epatris
476 1315 544 1379 eius
572 1314 653 1380 urbs
682 1314 831 1380 omnibus
852 1324 930 1380 nota
952 1313 1123 1401 desumpto
1144 1309 1209 1381 ‘ds-

156 1442 321 1498 coctorem
344 1425 563 1497 Formianum‘
591 1431 811 1519 adpellauerat
833 1431 950 1516 (xxxxi
972 1434 993 1497 4
1030 1457 1153 1499 xxxxm
1176 1432 1207 1513 5,

156 1549 200 1614 cs.
222 1567 287 1614 nvn
309 1549 356 1631 4).
399 1546 456 1613 sed
474 1559 588 1636 postea
602 1547 730 1616 Catullo
745 1549 868 1637 placuit
881 1547 1080 1616 Mamurram
1096 1550 1206 1638 paullo

155 1665 275 1732 tectius
304 1665 337 1730 in
370 1665 565 1731 carminibus
593 1667 658 1732 suis
687 1666 879 1753 significare.
932 1669 1043 1755 itaque
1078 1669 1207 1733 nomine

154 1781 322 1849 M'cntulee
343 1783 428 1866 ficto,
450 1783 541 1849 cuius
563 1806 674 1850 sensus
696 1805 736 1850 ex
759 1782 954 1849 carminibus
979 1783 1142 1872 prioribus
1164 1785 1206 1850 ab

154 1921 221 1966 uno
250 1921 381 1988 quoque
407 1898 559 1966 facillime
587 1901 707 1989 percipi
736 1901 858 1989 potuit,
886 1923 963 1966 usus
986 1909 1043 1966 est.
1087 1901 1144 1966 sed
1164 1923 1206 1966 ne

152 2011 253 2082 ‘orbis
270 2013 514 2083 Mamurrarum*
535 2018 664 2105 quidem
686 2039 812 2101 nomen,
835 2041 908 2084 cum
930 2029 1025 2083 antea
1046 2016 1079 2083 id
1101 2017 1205 2104 ipsum

154 2135 196 2200 ad
232 2133 396 2200 hominem
427 2135 518 2201 illum
554 2134 788 2222 designandum
821 2135 1038 2213 adhibuisset,
1075 2133 1204 2202 Catullo

153 2273 312 2339 usurpare
332 2251 442 2334 licuit,
463 2251 525 2318 nisi
546 2250 578 2318 id
601 2252 641 2318 ds
662 2253 767 2318 formo
788 2251 929 2338 genuina
949 2252 1089 2339 quodam
1110 2253 1206 2318 modo

152 2370 350 2434 inmutatum
371 2378 450 2434 erat.
487 2366 560 2433 ideo
574 2391 633 2456 pro
648 2365 815 2432 Mamurra
829 2366 1002 2433 Formiano
1018 2367 1204 2434 Firmanum

152 2485 333 2552 Mentulam
355 2484 544 2569 nominauit,
566 2487 657 2573 quasi
679 2484 788 2550 nescio
803 2505 900 2572 quem
915 2483 1037 2566 Firmo,
1061 2485 1102 2550 ab
1124 2485 1204 2552 urbe

151 2602 265 2670 Piceni
286 2624 352 2668 non
373 2604 485 2692 procul
514 2625 534 2668 a
559 2603 641 2668 meri
663 2601 830 2668 Adriatico
861 2601 941 2685 sita,
971 2601 1140 2668 oriundum
1171 2602 1205 2668 in

152 2719 261 2785 animo
282 2719 424 2785 baberet.
440 2757 479 2770 -
498 2741 603 2806 neque
619 2739 695 2784 uero
711 2718 783 2783 huic
797 2718 975 2784 sententiae
996 2731 1205 2808 praeceptum

152 2835 195 2902 de
209 2835 391 2903 nominibus
405 2835 531 2902 Latinis
546 2835 630 2902 fictis
646 2835 722 2902 illud
736 2835 954 2921 notissimum,
972 2837 1060 2925 quod
1075 2837 1205 2918 Acrone

152 2951 196 3018 ad
217 2951 346 3019 Horatii
375 2964 557 3018 saturarum
580 2979 587 3017 ι
609 2952 630 3016 2
651 2953 692 3018 64
719 2951 802 3018 duce
827 2951 993 3020 Bentleius
1022 2954 1064 3019 ad
1091 2953 1203 3020 carmi·
1305 2991 1310 3002 ·

151 3091 272 3136 nomn
296 3070 397 3135 1213
424 3067 608 3135 adcuratius
636 3069 837 3153 inlustrauit‚
870 3091 1055 3158 repugnare
1085 3079 1202 3160 potest.

151 3209 229 3253 nam
260 3185 294 3251 in
323 3185 407 3252 banc
428 3187 552 3275 legem,
585 3209 650 3275 qua
677 3187 809 3254 nomina
839 3187 915 3254 ficta
944 3187 1079 3254 eandem
1106 3198 1205 3277 atque

151 3302 293 3392 genuina
313 3325 452 3392 quorum
473 3303 527 3370 illa
548 3303 669 3371 uicaria
689 3315 764 3372 sunt
784 3306 982 3393 syllabarum
1006 3315 1038 3371 et
1058 3327 1203 3372 numero·

150 3443 224 3486 rum
238 3441 421 3488 mensuram
432 3421 552 3488 babere
564 3421 725 3505 iubentur,
741 3421 950 3511 exceptiones
963 3423 1140 3509 permultae
1152 3447 1201 3489 ca·

151 3538 243 3621 dunt,
261 3536 357 3604 sicuti
379 3537 597 3605 Buttmannus
619 3539 767 3627 (mythol.
783 3563 791 3602 ι
806 3539 884 3626 343)
901 3539 1087 3606 Huschkius
1103 3543 1202 3624 (anal.

151 3654 214 3721 litt.
241 3677 273 3743 p.
294 3655 371 3740 303)
405 3652 590 3742 Maduigius
620 3655 744 3743 (opusc.
768 3655 854 3740 167)
885 3655 925 3724 O.
954 3655 1087 3722 Iahnius
1125 3659 1201 3742 (act.

150 3773 261 3840 societ.
289 3773 388 3839 litter.
411 3773 533 3840 Saxon.
557 3772 666 3858 1420)
695 3773 849 3861 Vngerus
878 3775 933 3860 (de
955 3773 1074 3863 Valgio
1093 3799 1125 3864 p.
1147 3775 1202 3858 tn)

149 3890 422 3978 Iungclaussenus
441 3887 497 3975 (ds
518 3890 719 3978 temporibus
736 3913 835 3958 carm.
852 3889 970 3959 Catulb
992 3915 1024 3980 p.
1038 3892 1093 3976 24)
1113 3902 1201 3958 recte
