2936 4492
273 351 307 402 98
557 345 582 396 V
616 343 664 395 De
682 341 860 394 AMORI'BVS
879 339 1032 394 cervam

269 513 370 603 petiit
414 533 523 602 neque
543 522 652 576 tamen
683 512 769 600 apud
792 509 1002 576 Rufinianum
1024 527 1143 573 nomen
1165 504 1321 572 orationis

269 631 362 697 adest
384 628 471 695 unde
492 629 546 694 hie
572 629 755 715 exemplum
777 627 855 693 illud
878 626 1052 692 chleuasmi
1074 635 1239 691 mutuatus
1262 633 1319 690 cst.

270 748 368 813 etiam
399 743 571 812 difficultas
603 745 762 832 quaedam
793 754 842 809 est
869 752 964 808 antea
992 741 1189 808 remouenda
1222 764 1321 831 qnam

270 865 487 950 fragmentum
529 862 607 928 illud
645 861 780 927 orationi
817 862 850 926 in
892 859 1041 926 Clodium
1076 869 1108 925 et
1143 858 1322 926 Curionem

269 981 400 1048 habitae
432 979 616 1046 adtribuere
643 978 727 1044 licet.
771 978 850 1042 haec
879 975 963 1042 enim
992 973 1079 1064 apud
1109 975 1321 1042 Rufinianum

270 1099 432 1184 leguntur,
455 1097 647 1161 odleoosmas
660 1101 723 1160 sisse
738 1095 971 1180 opr'rertorness'r.
1010 1093 1086 1158 daec
1097 1093 1203 1180 fieren
1217 1094 1323 1158 neam

271 1215 385 1280 excitat
405 1226 434 1279 et
454 1236 558 1278 serane
569 1215 729 1298 proposita
750 1211 846 1298 rofre
867 1213 976 1276 eremit
988 1211 1111 1276 eludens
1120 1233 1324 1296 persenserant

271 1343 323 1396 nat
351 1351 455 1394 reram
484 1329 751 1414 conparationem,
789 1341 823 1391 nt
849 1329 937 1413 epod
971 1327 1135 1414 Veryiliron
1163 1327 1261 1410 (Aen.
1289 1349 1323 1391 ιι

272 1448 357 1528 383)
378 1441 491 1532 ‘meque
511 1447 629 1510 timorrs
656 1467 754 1534 oryne
779 1457 821 1528 tn,
854 1439 998 1509 Drance'.
1040 1445 1123 1528 apud
1143 1441 1325 1509 Ciononena

271 1559 378 1651 ‘quast‘
396 1585 467 1628 nero
488 1585 542 1650 eqo
563 1563 600 1626 de
612 1563 705 1646 forie
726 1574 796 1638 tna,
826 1564 967 1626 ommate
974 1609 982 1642 ,
1015 1560 1147 1626 desertos
1167 1561 1220 1626 oet
1239 1561 1326 1626 aldes
1443 1573 1444 1576 ’

271 1681 402 1766 persisti
420 1681 657 1745 contumeliosius
673 1678 786 1758 facere,
808 1679 842 1742 sr'
860 1679 919 1743 to‘br'
935 1681 989 1744 doe
1009 1677 1168 1744 Parmeno
1190 1678 1329 1764 adloqui

274 1797 346 1883 (per
368 1797 503 1882 cleonem
524 1793 681 1882 Capper.)
711 1817 749 1859 nc
776 1818 840 1860 non
867 1797 936 1880 ipse
963 1796 1118 1860 Parmeno
1138 1789 1325 1860 nnndossst’.

272 1915 337 1980 iam
359 1936 432 1979 cnm
446 1913 532 2000 apud
547 1911 747 1978 Priscianurn
769 1935 800 1976 vr
815 1913 837 1978 5
850 1912 892 1977 29
906 1935 935 1998 p.
951 1912 1011 1977 221
1032 1911 1074 1976 Η.
1091 1909 1329 1978 Fundanianae
1452 1977 1453 1983 ἵ

273 2031 336 2096 hoc
367 2029 540 2094 frustulum
574 2039 689 2094 essetne
716 2030 750 2092 s‘d
780 2027 864 2114 qnod
894 2028 986 2093 Meno
1021 2030 1194 2093 nannnsset
1222 2037 1324 2110 extet,

275 2145 417 2213 Orellius
439 2167 480 2210 ex
501 2143 676 2210 Rufiniano
698 2146 732 2210 in
754 2143 953 2210 Priscianum
974 2145 1128 2210 Parmeno
1149 2165 1208 2231 prc
1229 2144 1327 2210 Marso

273 2263 415 2328 inferens
431 2262 463 2345 Ι’)
492 2261 546 2345 (cf.
578 2284 683 2328 onom.
714 2261 800 2327 Tull.
829 2285 859 2348 p.
888 2262 964 2344 442)
995 2262 1146 2329 Nobbius
1172 2259 1327 2327 Klotnius

276 2380 337 2446 sibi
358 2386 589 2467 persuaserunt
608 2378 713 2444 locum
736 2376 902 2445 Ciceronis
924 2401 943 2442 a
963 2377 1138 2444 Rufiniano
1159 2389 1327 2444 seruatum

275 2506 381 2563 totum
404 2517 444 2561 ex
459 2493 673 2560 Fundaniana
694 2515 764 2559 esse
784 2493 1000 2582 desumptum.
1045 2494 1101 2560 sed
1123 2495 1185 2560 hcc
1208 2517 1326 2582 parum

277 2623 364 2680 recte
382 2613 554 2678 focerunt:
577 2633 774 2700 quamquam
797 2611 882 2677 enim
899 2611 1023 2679 Orellio
1044 2611 1079 2678 in
1100 2635 1138 2678 eo
1161 2613 1328 2678 adsentior

277 2730 364 2820 quod
385 2739 463 2818 puto
486 2738 611 2817 partem
634 2741 811 2795 extremam
833 2730 1062 2798 uocabulorum
1086 2752 1169 2817 quas
1183 2729 1328 2796 Rufinia-

276 2869 336 2914 nus
356 2844 571 2914 Ciceroniana
593 2846 723 2912 exhibet
747 2869 788 2912 ex
804 2845 1016 2912 Fundaniana
1037 2856 1223 2934 excerptam
1244 2869 1328 2924 esse,

276 2975 382 3031 tamen
400 2987 475 3052 pars
494 2965 583 3050 prior
598 2965 639 3030 ab
654 2964 710 3030 illa
722 2963 904 3050 separanda
916 2975 974 3046 est,
990 2985 1050 3028 nec
1061 2963 1174 3029 dubito
1189 2962 1268 3051 quin
1282 2963 1328 3028 lo-

278 3104 336 3148 cns
350 3091 437 3148 totus
452 3105 472 3146 a
484 3081 601 3148 Beiero
615 3091 704 3147 recte
719 3083 761 3146 sit
775 3082 820 3147 ita
834 3081 1032 3162 emendatus,
1049 3083 1137 3166 epod
1153 3079 1329 3146 Ciceronem

276 3193 383 3286 ‘qnasi
401 3223 473 3264 aero
487 3223 542 3288 syo
558 3199 597 3264 de
610 3198 706 3285 faede
727 3211 788 3283 tan,
811 3204 961 3282 eotmrrite,
983 3190 1136 3264 ds'ccn‘im'.
1178 3200 1228 3263 uel
1246 3197 1330 3263 olins

347 3539 373 3606 ⁸)
392 3541 593 3594 Parmencntem
611 3542 681 3596 huno
700 3543 833 3610 quispiam
855 3541 966 3594 adsim
983 3555 1081 3593 nornen
1097 3541 1229 3592 Graecum
1245 3543 1333 3608 raspi-

279 3635 352 3686 ciens
370 3640 397 3684 et
414 3635 587 3686 considerans
605 3651 639 3686 ax
663 3636 810 3702 fragmento
834 3634 969 3686 Rufiniani
992 3636 1096 3688 elucere
1119 3651 1178 3688 cum
1204 3637 1232 3686 in
1250 3637 1330 3702 parti-

278 3725 330 3779 bus
348 3727 480 3778 Fundanii
499 3729 706 3780 adremariorum
733 3733 852 3794 stetisse,
880 3731 1025 3781 coniecerit
1050 3730 1162 3782 eundem
1187 3731 1271 3781 fuisse
1297 3745 1330 3780 ac

279 3827 371 3873 testem
383 3820 457 3871 illum
471 3837 557 3886 quem,
576 3824 700 3888 qnoniam
713 3823 823 3887 primam
838 3823 968 3874 Fundanii
986 3824 1098 3874 nominis
1107 3824 1222 3876 litteram
1240 3824 1331 3876 dicere

276 3929 329 3966 non
346 3916 438 3981 potuit,
457 3915 551 3966 Cicero
568 3915 664 3980 inrisit,
683 3917 717 3969 ef.
736 3916 825 3980 Quint
841 3933 849 3967 ι
869 3923 885 3968 4
906 3923 946 3968 14.
