2954 4492
296 379 329 429 86
586 373 610 426 V
644 375 693 428 DE
710 373 890 428 Auomuve
908 371 1062 427 camut

380 543 479 608 u‘cine
500 541 658 628 subrepsti
674 541 723 607 ma'
740 552 830 627 omne
848 541 994 606 bissulae
1013 561 1164 626 perum

418 659 472 724 bei
489 659 602 724 misero
623 659 764 744 eripuisti
781 657 885 724 omneis
905 668 1013 723 ababa
1034 657 1146 724 bura?

381 775 530 859 crepuere
551 777 609 840 bera
629 774 685 840 beu
704 787 827 839 nocuae
848 775 966 839 modale
986 795 1134 839 acumem
1176 805 1178 808 ·

419 891 511 968 uitae,
533 893 587 956 tar
606 895 663 957 bau
684 903 805 956 nostroe
821 891 920 977 peau'e
940 891 1103 956 amicitiae.

319 1063 321 1066 .
380 1007 437 1072 aad
456 1031 537 1072 nuuc
556 1009 589 1071 id
608 1007 694 1073 doleo
713 1009 793 1094 quod
808 1029 908 1093 purae
926 1030 1009 1092 puro
1026 1007 1143 1092 puellae
1178 1005 1346 1071 uxxnut

424 1125 520 1189 eoueb
540 1125 703 1190 ecnmtiruit
722 1147 838 1209 spurca
859 1126 963 1189 saliua
982 1134 1045 1188 uto.

380 1241 542 1306 autemid
560 1263 623 1306 uon
642 1245 754 1326 cupane
766 1239 861 1327 feres
882 1263 984 1306 :uam
1005 1251 1033 1305 tc
1053 1239 1157 1304 emota
1177 1241 1281 1305 saecla

422 1369 545 1422 noscent
565 1369 593 1420 et
612 1359 667 1443 qui
685 1357 733 1421 eis
751 1355 846 1442 famu
866 1359 998 1442 laqueus
1020 1379 1109 1425 auae.

297 1586 378 1653 uitio
431 1589 531 1676 igitur
575 1587 663 1654 Ruso
702 1587 869 1672 tribuitur,
913 1590 1001 1678 quod
1043 1589 1183 1656 amicitia
1225 1588 1349 1658 Catulli

298 1705 446 1771 simulata
490 1705 601 1773 intima
642 1705 794 1772 Lesbiam
834 1731 853 1772 a
893 1717 992 1794 pocta
1036 1707 1119 1772 clam
1158 1716 1191 1772 et
1233 1705 1349 1773 dolose

299 1821 540 1888 abalienauerit.
593 1822 665 1910 quis
702 1823 806 1888 Rufus
839 1823 893 1888 ille
923 1822 1020 1890 fuerit
1051 1845 1116 1889 nou
1146 1822 1180 1888 in
1215 1824 1346 1890 occulto

298 1948 355 2005 est.
407 1947 458 2004 eat
488 1937 573 2004 enim
605 1939 650 2004 M.
690 1937 818 2006 Caelius
850 1938 975 2021 Rufus,
1019 1961 1113 2026 quem
1150 1939 1214 2007 iam
1246 1961 1347 2027 supra

297 2079 339 2121 ox
383 2052 552 2123 Ciceronis
593 2053 747 2121 Caeliana
789 2053 955 2121 docuimus
991 2053 1125 2122 Clodiae
1167 2066 1347 2122 amatorem

296 2171 396 2236 fuisse
418 2193 426 2237 ε
448 2171 481 2235 id
503 2169 591 2258 quod
607 2172 753 2238 Muretus
769 2170 893 2240 Statius
907 2172 1104 2238 Niebuhriue
1127 2174 1220 2256 (mus.
1236 2172 1346 2240 Rhcn.

297 2311 316 2354 ιι
345 2289 421 2372 598)
455 2288 632 2354 Teuffelius
672 2288 947 2376 Iungelauescnua
985 2301 1231 2378 perspexerunt.
1285 2311 1348 2358 noc

297 2426 369 2470 cum
392 2403 493 2472 Caelii
516 2413 549 2472 et
570 2405 689 2472 Catulli
719 2416 807 2472 actua
830 2407 972 2494 quinque
993 2415 1118 2472 tantum
1147 2407 1239 2474 annia
1260 2407 1347 2476 inter

296 2541 331 2586 se
364 2521 524 2610 discrepet
559 2521 709 2609 (Caelius
744 2521 857 2588 eodem
895 2543 979 2588 anno
1010 2523 1129 2600 672182
1165 2524 1346 2612 eodemque

296 2638 349 2704 die
373 2659 438 2726 quo
461 2638 604 2704 Licinius
626 2637 747 2705 Caluus
754 2687 762 2721 ,
796 2649 904 2705 orator
936 2649 968 2706 et
994 2649 1091 2727 poeta
1116 2639 1187 2728 ipse
1214 2659 1347 2729 quoque

295 2753 424 2823 Catullo
468 2755 702 2839 amicissimus,
743 2765 839 2822 natus
877 2757 941 2841 est)
977 2757 1150 2845 quicquam
1193 2758 1347 2845 prohibet

294 2895 358 2960 quo
395 2871 499 2938 minus
530 2871 725 2960 aliquamdiu
762 2872 902 2939 amicitia
935 2896 991 2940 cos
1024 2875 1211 2940 coniunctos
1243 2873 1345 2941 fuisse

295 2987 481 3072 credamus,
517 2988 706 3078 pracsertim
739 3012 812 3054 cum
842 2988 971 3056 Caclius
1000 2999 1036 3055 ut
1058 2988 1226 3056 libidinum
1249 2991 1344 3057 uebe

293 3107 414 3172 mentia
444 3106 491 3174 ita
523 3105 653 3191 ingenio
683 3127 812 3195 quoque
845 3116 878 3173 et
909 3104 1092 3173 urbanitate
1121 3107 1175 3191 (of.
1205 3105 1343 3186 Quintil.

296 3225 351 3288 xl
369 3223 443 3305 115)
468 3230 501 3288 et
522 3223 619 3288 animi
639 3223 779 3311 quodam
800 3223 929 3288 feruore
951 3233 985 3289 et
1004 3223 1126 3310 inpetu,
1148 3221 1252 3312 qualis
1273 3223 1345 3290 fere

297 3350 329 3402 et
350 3338 443 3405 Calui
471 3348 506 3404 ot
532 3337 652 3406 Cobilli
684 3350 753 3404 erat
765 3387 775 3422 ,
808 3339 1009 3405 excelleret:
1032 3359 1097 3428 qua
1127 3339 1167 3406 de
1189 3361 1304 3406 caussa
1325 3365 1345 3406 a

295 3454 420 3520 Velleio
442 3454 617 3522 Paterculo
640 3478 657 3519 ιι
681 3456 722 3521 68
743 3459 890 3545 inomiosa
917 3481 1047 3545 ιισφιαιιι
1071 3457 1259 3543 adpellatur.
1302 3459 1343 3523 cf.

296 3571 336 3637 de
368 3569 480 3637 Caelio
508 3571 689 3638 Drumanui
711 3571 778 3638 HR
799 3595 818 3636 u
840 3573 912 3637 411.
954 3594 1016 3639 nec
1045 3571 1106 3639 hoc
1136 3583 1266 3640 nostrae
1289 3596 1345 3640 ex·

295 3683 457 3774 plicationi
479 3687 572 3755 obest
586 3689 674 3778 quod
690 3687 837 3757 Catullus
859 3689 891 3754 in
913 3711 1009 3756 umen
1032 3699 1147 3756 octauo
1169 3689 1344 3758 nefandam

295 3804 427 3870 fellaudi
441 3802 607 3872 libidinem
624 3804 734 3872 Caelio
749 3806 926 3895 exprobrat
936 3827 944 3870 ι
953 3804 999 3872 ite
1012 3807 1098 3872 euim
1111 3804 1261 3894 Scaliger
1273 3829 1343 3874 ucr-

295 3943 366 3989 eum
377 3931 467 3990 recto
477 3919 637 3990 intellexit
648 3921 703 4008 (ci.
718 3943 815 3988 carm.
829 3941 1013 3990 Lxxxxvuu
1033 3925 1072 3988 10
1090 3943 1185 3990 um
1200 3922 1343 3992 liartial.
