<?xml version="1.0" encoding="UTF-8"?>
<!DOCTYPE html PUBLIC "-//W3C//DTD XHTML 1.0 Transitional//EN"
    "http://www.w3.org/TR/xhtml1/DTD/xhtml1-transitional.dtd">
<html xmlns="http://www.w3.org/1999/xhtml" xml:lang="en" lang="en">
 <head>
  <title>
</title>
<meta http-equiv="Content-Type" content="text/html;charset=utf-8" />
  <meta name='ocr-system' content='tesseract 3.04.00' />
  <meta name='ocr-capabilities' content='ocr_page ocr_carea ocr_par ocr_line ocrx_word'/>
</head>
<body>
  <div class='ocr_page' id='page_1' title='image "./gvalericatvllil00schwgoog_0060.png"; bbox 0 0 2920 4492; ppageno 0'>
   <div class='ocr_carea' id='block_1_1' title="bbox 283 343 1191 399">
    <p class='ocr_par' dir='ltr' id='par_1_1' title="bbox 283 343 1191 399">
     <span class='ocr_line' id='line_1_1' title="bbox 283 343 1191 399; baseline 0.001 -3"><span class='ocrx_word' id='word_1_1' title='bbox 283 343 312 396; x_wconf 91' lang='grc' dir='ltr'>Π</span> <span class='ocrx_word' id='word_1_2' title='bbox 346 343 878 399; x_wconf 65' lang='lat' dir='ltr'><strong>numerumnunerum</strong></span> <span class='ocrx_word' id='word_1_3' title='bbox 900 344 1055 399; x_wconf 74' lang='lat' dir='ltr'>GA&#39;NLH</span> <span class='ocrx_word' id='word_1_4' title='bbox 1157 347 1191 398; x_wconf 72' lang='lat'><strong>4⁷</strong></span> 
     </span>
    </p>
   </div>
   <div class='ocr_carea' id='block_1_2' title="bbox 141 509 1198 3174">
    <p class='ocr_par' dir='ltr' id='par_1_2' title="bbox 141 509 1198 3174">
     <span class='ocr_line' id='line_1_2' title="bbox 142 509 1196 580; baseline -0.003 -1"><span class='ocrx_word' id='word_1_5' title='bbox 142 509 206 579; x_wconf 81' lang='lat' dir='ltr'><strong>On.</strong></span> <span class='ocrx_word' id='word_1_6' title='bbox 227 511 252 578; x_wconf 82' lang='lat' dir='ltr'><strong>f.</strong></span> <span class='ocrx_word' id='word_1_7' title='bbox 274 511 314 576; x_wconf 91' lang='lat' dir='ltr'><strong>L.</strong></span> <span class='ocrx_word' id='word_1_8' title='bbox 342 510 496 579; x_wconf 79' lang='lat' dir='ltr'><strong>Cornelio</strong></span> <span class='ocrx_word' id='word_1_9' title='bbox 528 509 635 580; x_wconf 74' lang='lat' dir='ltr'><strong>Cinna</strong></span> <span class='ocrx_word' id='word_1_10' title='bbox 663 533 744 578; x_wconf 88' lang='lat' dir='ltr'><strong>eoss.</strong></span> <span class='ocrx_word' id='word_1_11' title='bbox 775 522 887 578; x_wconf 83' lang='lat' dir='ltr'><strong>netum</strong></span> <span class='ocrx_word' id='word_1_12' title='bbox 919 533 989 578; x_wconf 85' lang='lat' dir='ltr'><strong>esse</strong></span> <span class='ocrx_word' id='word_1_13' title='bbox 1021 511 1196 578; x_wconf 78' lang='lat' dir='ltr'><strong>docuisse:</strong></span> 
     </span>
     <span class='ocr_line' id='line_1_3' title="bbox 141 627 1196 717; baseline -0.002 -21"><span class='ocrx_word' id='word_1_14' title='bbox 141 651 211 717; x_wconf 86' lang='lat' dir='ltr'><strong>quo</strong></span> <span class='ocrx_word' id='word_1_15' title='bbox 231 629 320 696; x_wconf 73' lang='lat' dir='ltr'><strong>fecto</strong></span> <span class='ocrx_word' id='word_1_16' title='bbox 342 629 638 716; x_wconf 78' lang='lat' dir='ltr'><strong>chronographum,</strong></span> <span class='ocrx_word' id='word_1_17' title='bbox 667 651 741 696; x_wconf 89' lang='lat' dir='ltr'><strong>eum</strong></span> <span class='ocrx_word' id='word_1_18' title='bbox 768 629 852 716; x_wconf 77' lang='lat' dir='ltr'><strong>apud</strong></span> <span class='ocrx_word' id='word_1_19' title='bbox 881 627 1072 696; x_wconf 77' lang='lat' dir='ltr'><strong>Suetonium</strong></span> <span class='ocrx_word' id='word_1_20' title='bbox 1099 629 1196 714; x_wconf 87' lang='lat' dir='ltr'><strong>trige-</strong></span> 
     </span>
     <span class='ocr_line' id='line_1_4' title="bbox 142 745 1197 834; baseline 0.001 -23"><span class='ocrx_word' id='word_1_21' title='bbox 142 747 229 811; x_wconf 86' lang='lat' dir='ltr'><strong>sirno</strong></span> <span class='ocrx_word' id='word_1_22' title='bbox 257 767 343 812; x_wconf 78' lang='lat' dir='ltr'><strong>suno</strong></span> <span class='ocrx_word' id='word_1_23' title='bbox 373 746 489 812; x_wconf 77' lang='lat' dir='ltr'><strong>notetis</strong></span> <span class='ocrx_word' id='word_1_24' title='bbox 518 757 647 834; x_wconf 71' lang='lat' dir='ltr'><strong>poetam</strong></span> <span class='ocrx_word' id='word_1_25' title='bbox 677 745 896 812; x_wconf 86' lang='lat' dir='ltr'><strong>Veronensem</strong></span> <span class='ocrx_word' id='word_1_26' title='bbox 931 755 1092 812; x_wconf 85' lang='lat' dir='ltr'><strong>mortuum</strong></span> <span class='ocrx_word' id='word_1_27' title='bbox 1124 767 1197 812; x_wconf 83' lang='lat' dir='ltr'><strong>osee</strong></span> 
     </span>
     <span class='ocr_line' id='line_1_5' title="bbox 141 861 1196 949; baseline 0.001 -20"><span class='ocrx_word' id='word_1_28' title='bbox 141 863 298 949; x_wconf 77' lang='lat' dir='ltr'><strong>legisset,</strong></span> <span class='ocrx_word' id='word_1_29' title='bbox 329 871 367 928; x_wconf 91' lang='lat' dir='ltr'><strong>ut</strong></span> <span class='ocrx_word' id='word_1_30' title='bbox 398 863 439 929; x_wconf 87' lang='lat' dir='ltr'><strong>de</strong></span> <span class='ocrx_word' id='word_1_31' title='bbox 467 863 566 930; x_wconf 83' lang='lat' dir='ltr'><strong>netuli</strong></span> <span class='ocrx_word' id='word_1_32' title='bbox 587 862 634 930; x_wconf 81' lang='lat' dir='ltr'><strong>ite</strong></span> <span class='ocrx_word' id='word_1_33' title='bbox 655 865 749 929; x_wconf 80' lang='lat' dir='ltr'><strong>etiam</strong></span> <span class='ocrx_word' id='word_1_34' title='bbox 773 864 814 929; x_wconf 87' lang='lat' dir='ltr'><strong>de</strong></span> <span class='ocrx_word' id='word_1_35' title='bbox 834 864 925 928; x_wconf 77' lang='lat' dir='ltr'><strong>letali</strong></span> <span class='ocrx_word' id='word_1_36' title='bbox 947 883 1031 928; x_wconf 83' lang='lat' dir='ltr'><strong>enno</strong></span> <span class='ocrx_word' id='word_1_37' title='bbox 1052 861 1196 930; x_wconf 82' lang='lat' dir='ltr'><strong>decennii</strong></span> 
     </span>
     <span class='ocr_line' id='line_1_6' title="bbox 143 979 1196 1064; baseline 0.002 -20"><span class='ocrx_word' id='word_1_38' title='bbox 143 979 453 1046; x_wconf 70' lang='lat' dir='ltr'><strong>metachronismum</strong></span> <span class='ocrx_word' id='word_1_39' title='bbox 483 980 691 1046; x_wconf 82' lang='lat' dir='ltr'><strong>commisisse.</strong></span> <span class='ocrx_word' id='word_1_40' title='bbox 733 980 961 1046; x_wconf 82' lang='lat' dir='ltr'><strong>Loohmeunue</strong></span> <span class='ocrx_word' id='word_1_41' title='bbox 992 979 1107 1064; x_wconf 81' lang='lat' dir='ltr'><strong>igitur,</strong></span> <span class='ocrx_word' id='word_1_42' title='bbox 1143 981 1196 1046; x_wconf 88' lang='lat' dir='ltr'><strong>oui</strong></span> 
     </span>
     <span class='ocr_line' id='line_1_7' title="bbox 145 1094 1195 1184; baseline -0.002 -20"><span class='ocrx_word' id='word_1_43' title='bbox 145 1097 312 1184; x_wconf 81' lang='lat' dir='ltr'><strong>Hsuptiue</strong></span> <span class='ocrx_word' id='word_1_44' title='bbox 342 1106 466 1184; x_wconf 72' lang='lat' dir='ltr'><strong>quaest</strong></span> <span class='ocrx_word' id='word_1_45' title='bbox 498 1094 617 1163; x_wconf 80' lang='lat' dir='ltr'><strong>Getull.</strong></span> <span class='ocrx_word' id='word_1_46' title='bbox 646 1120 677 1183; x_wconf 92' lang='lat' dir='ltr'><strong>p.</strong></span> <span class='ocrx_word' id='word_1_47' title='bbox 710 1098 750 1162; x_wconf 78' lang='lat'><strong>15</strong></span> <span class='ocrx_word' id='word_1_48' title='bbox 782 1095 1001 1162; x_wconf 84' lang='lat' dir='ltr'><strong>Bemherdiue</strong></span> <span class='ocrx_word' id='word_1_49' title='bbox 1033 1096 1106 1162; x_wconf 87' lang='lat' dir='ltr'><strong>hist.</strong></span> <span class='ocrx_word' id='word_1_50' title='bbox 1134 1097 1195 1164; x_wconf 90' lang='lat' dir='ltr'><strong>litt.</strong></span> 
     </span>
     <span class='ocr_line' id='line_1_8' title="bbox 144 1211 1196 1300; baseline -0.001 -20"><span class='ocrx_word' id='word_1_51' title='bbox 144 1213 243 1280; x_wconf 84' lang='lat' dir='ltr'><strong>Boiu.</strong></span> <span class='ocrx_word' id='word_1_52' title='bbox 268 1235 301 1300; x_wconf 91' lang='lat' dir='ltr'><strong>p.</strong></span> <span class='ocrx_word' id='word_1_53' title='bbox 315 1213 378 1278; x_wconf 82' lang='grc'><strong>514</strong></span> <span class='ocrx_word' id='word_1_54' title='bbox 393 1211 429 1280; x_wconf 82' lang='lat' dir='ltr'><strong>O.</strong></span> <span class='ocrx_word' id='word_1_55' title='bbox 445 1213 484 1280; x_wconf 85' lang='lat' dir='ltr'><strong>F.</strong></span> <span class='ocrx_word' id='word_1_56' title='bbox 501 1213 709 1280; x_wconf 83' lang='lat' dir='ltr'><strong>Hermnnnus</strong></span> <span class='ocrx_word' id='word_1_57' title='bbox 730 1213 771 1278; x_wconf 83' lang='lat' dir='ltr'><strong>ed</strong></span> <span class='ocrx_word' id='word_1_58' title='bbox 790 1213 925 1279; x_wconf 89' lang='lat' dir='ltr'><strong>Hieron.</strong></span> <span class='ocrx_word' id='word_1_59' title='bbox 943 1221 1084 1300; x_wconf 80' lang='lat' dir='ltr'>excerpt.</span> <span class='ocrx_word' id='word_1_60' title='bbox 1104 1235 1135 1300; x_wconf 92' lang='lat' dir='ltr'><strong>p.</strong></span> <span class='ocrx_word' id='word_1_61' title='bbox 1156 1215 1196 1280; x_wconf 85' lang='lat'><strong>10</strong></span> 
     </span>
     <span class='ocr_line' id='line_1_9' title="bbox 144 1327 1195 1416; baseline -0.001 -20"><span class='ocrx_word' id='word_1_62' title='bbox 144 1329 434 1398; x_wconf 76' lang='lat' dir='ltr'><strong>Reifferscheidiue</strong></span> <span class='ocrx_word' id='word_1_63' title='bbox 454 1331 496 1396; x_wconf 87' lang='lat' dir='ltr'><strong>ed</strong></span> <span class='ocrx_word' id='word_1_64' title='bbox 520 1328 653 1398; x_wconf 83' lang='lat' dir='ltr'><strong>Sueten.</strong></span> <span class='ocrx_word' id='word_1_65' title='bbox 675 1351 707 1416; x_wconf 89' lang='lat' dir='ltr'><strong>p.</strong></span> <span class='ocrx_word' id='word_1_66' title='bbox 722 1329 763 1394; x_wconf 86' lang='lat'><strong>39</strong></span> <span class='ocrx_word' id='word_1_67' title='bbox 786 1329 1006 1412; x_wconf 73' lang='lat' dir='ltr'><strong>adsensurunt,</strong></span> <span class='ocrx_word' id='word_1_68' title='bbox 1031 1327 1195 1396; x_wconf 75' lang='lat' dir='ltr'><strong>Catullum</strong></span> 
     </span>
     <span class='ocr_line' id='line_1_10' title="bbox 144 1445 1197 1535; baseline 0 -23"><span class='ocrx_word' id='word_1_69' title='bbox 144 1447 299 1535; x_wconf 79' lang='lat' dir='ltr'><strong>opinetur</strong></span> <span class='ocrx_word' id='word_1_70' title='bbox 318 1448 361 1515; x_wconf 86' lang='lat' dir='ltr'><strong>sb</strong></span> <span class='ocrx_word' id='word_1_71' title='bbox 376 1468 462 1514; x_wconf 80' lang='lat' dir='ltr'><strong>anuo</strong></span> <span class='ocrx_word' id='word_1_72' title='bbox 480 1447 598 1524; x_wconf 89' lang='grc'><strong>678176</strong></span> <span class='ocrx_word' id='word_1_73' title='bbox 616 1446 657 1512; x_wconf 86' lang='lat' dir='ltr'><strong>od</strong></span> <span class='ocrx_word' id='word_1_74' title='bbox 679 1469 797 1513; x_wconf 75' lang='lat' dir='ltr'><strong>anuum</strong></span> <span class='ocrx_word' id='word_1_75' title='bbox 813 1445 929 1524; x_wconf 84' lang='grc'><strong>708146</strong></span> <span class='ocrx_word' id='word_1_76' title='bbox 949 1467 1053 1535; x_wconf 83' lang='lat' dir='ltr'><strong>usque</strong></span> <span class='ocrx_word' id='word_1_77' title='bbox 1074 1445 1197 1512; x_wconf 85' lang='lat' dir='ltr'><strong>uixisse</strong></span> 
     </span>
     <span class='ocr_line' id='line_1_11' title="bbox 145 1562 1195 1652; baseline 0.001 -23"><span class='ocrx_word' id='word_1_78' title='bbox 145 1565 194 1648; x_wconf 91' lang='grc' dir='ltr'><strong>(ιι.</strong></span> <span class='ocrx_word' id='word_1_79' title='bbox 212 1565 254 1630; x_wconf 82' lang='lat' dir='ltr'><strong>sd</strong></span> <span class='ocrx_word' id='word_1_80' title='bbox 268 1563 457 1632; x_wconf 81' lang='lat' dir='ltr'><strong>Lucretium</strong></span> <span class='ocrx_word' id='word_1_81' title='bbox 474 1587 505 1651; x_wconf 89' lang='lat' dir='ltr'><strong>p.</strong></span> <span class='ocrx_word' id='word_1_82' title='bbox 520 1565 603 1650; x_wconf 88' lang='grc'><strong>174).</strong></span> <span class='ocrx_word' id='word_1_83' title='bbox 639 1584 722 1651; x_wconf 84' lang='lat' dir='ltr'><strong>quse</strong></span> <span class='ocrx_word' id='word_1_84' title='bbox 734 1565 894 1630; x_wconf 79' lang='lat' dir='ltr'><strong>sententis</strong></span> <span class='ocrx_word' id='word_1_85' title='bbox 909 1562 1083 1651; x_wconf 85' lang='lat' dir='ltr'><strong>epeoiosior</strong></span> <span class='ocrx_word' id='word_1_86' title='bbox 1097 1585 1195 1652; x_wconf 78' lang='lat' dir='ltr'><strong>quum</strong></span> 
     </span>
     <span class='ocr_line' id='line_1_12' title="bbox 145 1679 1193 1768; baseline 0 -22"><span class='ocrx_word' id='word_1_87' title='bbox 145 1680 256 1746; x_wconf 89' lang='lat' dir='ltr'><strong>uerior</strong></span> <span class='ocrx_word' id='word_1_88' title='bbox 274 1682 321 1746; x_wconf 87' lang='lat' dir='ltr'><strong>eis</strong></span> <span class='ocrx_word' id='word_1_89' title='bbox 341 1680 498 1746; x_wconf 73' lang='lat' dir='ltr'><strong>refellitur</strong></span> <span class='ocrx_word' id='word_1_90' title='bbox 520 1703 605 1768; x_wconf 81' lang='lat' dir='ltr'><strong>quse</strong></span> <span class='ocrx_word' id='word_1_91' title='bbox 622 1700 719 1768; x_wconf 81' lang='lat' dir='ltr'><strong>supro</strong></span> <span class='ocrx_word' id='word_1_92' title='bbox 737 1679 778 1745; x_wconf 87' lang='lat' dir='ltr'><strong>de</strong></span> <span class='ocrx_word' id='word_1_93' title='bbox 796 1681 938 1746; x_wconf 79' lang='lat' dir='ltr'><strong>carmine</strong></span> <span class='ocrx_word' id='word_1_94' title='bbox 956 1699 1001 1746; x_wconf 83' lang='lat' dir='ltr'><strong>uu</strong></span> <span class='ocrx_word' id='word_1_95' title='bbox 1018 1679 1193 1766; x_wconf 78' lang='lat' dir='ltr'><strong>disputuui-</strong></span> 
     </span>
     <span class='ocr_line' id='line_1_13' title="bbox 145 1795 1196 1880; baseline 0 -18"><span class='ocrx_word' id='word_1_96' title='bbox 145 1819 240 1880; x_wconf 85' lang='lat' dir='ltr'><strong>mus,</strong></span> <span class='ocrx_word' id='word_1_97' title='bbox 273 1796 359 1862; x_wconf 89' lang='lat' dir='ltr'><strong>unde</strong></span> <span class='ocrx_word' id='word_1_98' title='bbox 392 1819 464 1862; x_wconf 89' lang='lat' dir='ltr'><strong>eum</strong></span> <span class='ocrx_word' id='word_1_99' title='bbox 498 1796 662 1863; x_wconf 79' lang='lat' dir='ltr'><strong>Catullum</strong></span> <span class='ocrx_word' id='word_1_100' title='bbox 691 1795 823 1863; x_wconf 78' lang='lat' dir='ltr'><strong>Vatinio</strong></span> <span class='ocrx_word' id='word_1_101' title='bbox 850 1796 981 1861; x_wconf 85' lang='lat' dir='ltr'><strong>oonsule</strong></span> <span class='ocrx_word' id='word_1_102' title='bbox 1008 1797 1105 1864; x_wconf 80' lang='lat' dir='ltr'><strong>etium</strong></span> <span class='ocrx_word' id='word_1_103' title='bbox 1127 1807 1196 1862; x_wconf 88' lang='lat' dir='ltr'><strong>tum</strong></span> 
     </span>
     <span class='ocr_line' id='line_1_14' title="bbox 146 1911 1198 2002; baseline 0 -22"><span class='ocrx_word' id='word_1_104' title='bbox 146 1913 353 2002; x_wconf 76' lang='lat' dir='ltr'><strong>superstitum</strong></span> <span class='ocrx_word' id='word_1_105' title='bbox 374 1915 474 1980; x_wconf 85' lang='lat' dir='ltr'><strong>fuisse</strong></span> <span class='ocrx_word' id='word_1_106' title='bbox 494 1913 659 2000; x_wconf 78' lang='lat' dir='ltr'><strong>conligere</strong></span> <span class='ocrx_word' id='word_1_107' title='bbox 679 1935 744 1979; x_wconf 90' lang='lat' dir='ltr'><strong>nou</strong></span> <span class='ocrx_word' id='word_1_108' title='bbox 767 1911 879 1997; x_wconf 79' lang='lat' dir='ltr'><strong>lineet,</strong></span> <span class='ocrx_word' id='word_1_109' title='bbox 905 1935 1019 1980; x_wconf 84' lang='lat' dir='ltr'><strong>oeuese</strong></span> <span class='ocrx_word' id='word_1_110' title='bbox 1040 1913 1143 1980; x_wconf 88' lang='lat' dir='ltr'><strong>omnis</strong></span> <span class='ocrx_word' id='word_1_111' title='bbox 1165 1923 1198 1980; x_wconf 84' lang='lat' dir='ltr'><strong>et</strong></span> 
     </span>
     <span class='ocr_line' id='line_1_15' title="bbox 147 2029 1197 2122; baseline -0.002 -24"><span class='ocrx_word' id='word_1_112' title='bbox 147 2032 241 2122; x_wconf 80' lang='lat' dir='ltr'><strong>qussi</strong></span> <span class='ocrx_word' id='word_1_113' title='bbox 251 2031 493 2098; x_wconf 76' lang='lat' dir='ltr'><strong>lundomeuturn</strong></span> <span class='ocrx_word' id='word_1_114' title='bbox 504 2039 608 2098; x_wconf 87' lang='lat' dir='ltr'><strong>totum</strong></span> <span class='ocrx_word' id='word_1_115' title='bbox 620 2031 822 2097; x_wconf 75' lang='lat' dir='ltr'><strong>coniecturae</strong></span> <span class='ocrx_word' id='word_1_116' title='bbox 832 2029 1114 2098; x_wconf 79' lang='lat' dir='ltr'><strong>Loobmennienoe</strong></span> <span class='ocrx_word' id='word_1_117' title='bbox 1124 2031 1197 2097; x_wconf 90' lang='lat' dir='ltr'><strong>sub·</strong></span> 
     </span>
     <span class='ocr_line' id='line_1_16' title="bbox 146 2147 1197 2236; baseline 0.003 -21"><span class='ocrx_word' id='word_1_118' title='bbox 146 2159 287 2216; x_wconf 73' lang='lat' dir='ltr'><strong>uectum</strong></span> <span class='ocrx_word' id='word_1_119' title='bbox 306 2159 340 2214; x_wconf 86' lang='lat' dir='ltr'><strong>et</strong></span> <span class='ocrx_word' id='word_1_120' title='bbox 356 2148 540 2236; x_wconf 71' lang='lat' dir='ltr'><strong>ademptum</strong></span> <span class='ocrx_word' id='word_1_121' title='bbox 558 2157 617 2214; x_wconf 86' lang='lat' dir='ltr'><strong>est.</strong></span> <span class='ocrx_word' id='word_1_122' title='bbox 647 2147 762 2214; x_wconf 87' lang='lat' dir='ltr'><strong>deinde</strong></span> <span class='ocrx_word' id='word_1_123' title='bbox 777 2169 816 2213; x_wconf 89' lang='lat' dir='ltr'><strong>ee</strong></span> <span class='ocrx_word' id='word_1_124' title='bbox 829 2147 970 2214; x_wconf 78' lang='lat' dir='ltr'><strong>maxime</strong></span> <span class='ocrx_word' id='word_1_125' title='bbox 987 2148 1197 2236; x_wconf 75' lang='lat' dir='ltr'><strong>inprobabilie</strong></span> 
     </span>
     <span class='ocr_line' id='line_1_17' title="bbox 146 2265 1196 2353; baseline -0.001 -22"><span class='ocrx_word' id='word_1_126' title='bbox 146 2265 297 2349; x_wconf 86' lang='lat' dir='ltr'><strong>uidetur,</strong></span> <span class='ocrx_word' id='word_1_127' title='bbox 330 2266 357 2332; x_wconf 85' lang='lat' dir='ltr'><strong>ei</strong></span> <span class='ocrx_word' id='word_1_128' title='bbox 377 2265 419 2332; x_wconf 85' lang='lat' dir='ltr'><strong>sd</strong></span> <span class='ocrx_word' id='word_1_129' title='bbox 441 2265 580 2332; x_wconf 71' lang='lat' dir='ltr'><strong>Lesbiae</strong></span> <span class='ocrx_word' id='word_1_130' title='bbox 601 2265 727 2353; x_wconf 78' lang='lat' dir='ltr'><strong>puellae</strong></span> <span class='ocrx_word' id='word_1_131' title='bbox 748 2288 767 2330; x_wconf 86' lang='lat' dir='ltr'><strong>u</strong></span> <span class='ocrx_word' id='word_1_132' title='bbox 788 2275 888 2352; x_wconf 80' lang='lat' dir='ltr'><strong>poeto</strong></span> <span class='ocrx_word' id='word_1_133' title='bbox 909 2275 1036 2332; x_wconf 81' lang='lat' dir='ltr'><strong>emetee</strong></span> <span class='ocrx_word' id='word_1_134' title='bbox 1058 2275 1196 2331; x_wconf 68' lang='lat' dir='ltr'><strong>eemtem</strong></span> 
     </span>
     <span class='ocr_line' id='line_1_18' title="bbox 146 2381 1196 2472; baseline -0.003 -23"><span class='ocrx_word' id='word_1_135' title='bbox 146 2381 348 2472; x_wconf 80' lang='lat' dir='ltr'><strong>respioimue.</strong></span> <span class='ocrx_word' id='word_1_136' title='bbox 371 2383 491 2448; x_wconf 86' lang='lat' dir='ltr'><strong>etenim</strong></span> <span class='ocrx_word' id='word_1_137' title='bbox 502 2381 600 2449; x_wconf 85' lang='lat' dir='ltr'><strong>exeis</strong></span> <span class='ocrx_word' id='word_1_138' title='bbox 612 2381 982 2471; x_wconf 81' lang='lat' dir='ltr'><strong>quueiufrsdeLesbioe</strong></span> <span class='ocrx_word' id='word_1_139' title='bbox 996 2382 1196 2470; x_wconf 78' lang='lat' dir='ltr'><strong>temporibus</strong></span> 
     </span>
     <span class='ocr_line' id='line_1_19' title="bbox 146 2497 1196 2588; baseline 0.001 -23"><span class='ocrx_word' id='word_1_140' title='bbox 146 2521 365 2588; x_wconf 83' lang='lat' dir='ltr'><strong>exponemus,</strong></span> <span class='ocrx_word' id='word_1_141' title='bbox 388 2498 529 2566; x_wconf 80' lang='lat' dir='ltr'><strong>elucebit</strong></span> <span class='ocrx_word' id='word_1_142' title='bbox 548 2498 642 2566; x_wconf 87' lang='lat' dir='ltr'><strong>nobis</strong></span> <span class='ocrx_word' id='word_1_143' title='bbox 661 2498 756 2565; x_wconf 83' lang='lat' dir='ltr'><strong>uelde</strong></span> <span class='ocrx_word' id='word_1_144' title='bbox 778 2498 960 2565; x_wconf 82' lang='lat' dir='ltr'><strong>uouendum</strong></span> <span class='ocrx_word' id='word_1_145' title='bbox 982 2519 1115 2564; x_wconf 81' lang='lat' dir='ltr'><strong>essene</strong></span> <span class='ocrx_word' id='word_1_146' title='bbox 1136 2497 1196 2566; x_wconf 76' lang='lat' dir='ltr'><strong>co·</strong></span> 
     </span>
     <span class='ocr_line' id='line_1_20' title="bbox 146 2615 1197 2704; baseline -0.002 -20"><span class='ocrx_word' id='word_1_147' title='bbox 146 2615 263 2684; x_wconf 84' lang='lat' dir='ltr'><strong>tullum</strong></span> <span class='ocrx_word' id='word_1_148' title='bbox 288 2615 452 2704; x_wconf 74' lang='lat' dir='ltr'><strong>eliquanto</strong></span> <span class='ocrx_word' id='word_1_149' title='bbox 481 2617 642 2704; x_wconf 81' lang='lat' dir='ltr'><strong>posterius</strong></span> <span class='ocrx_word' id='word_1_150' title='bbox 668 2637 766 2704; x_wconf 86' lang='lat' dir='ltr'><strong>quom</strong></span> <span class='ocrx_word' id='word_1_151' title='bbox 793 2615 1013 2702; x_wconf 83' lang='lat' dir='ltr'><strong>Hieronymus</strong></span> <span class='ocrx_word' id='word_1_152' title='bbox 1041 2615 1197 2682; x_wconf 80' lang='lat' dir='ltr'><strong>indieouit</strong></span> 
     </span>
     <span class='ocr_line' id='line_1_21' title="bbox 146 2731 1196 2820; baseline 0 -22"><span class='ocrx_word' id='word_1_153' title='bbox 146 2745 260 2800; x_wconf 81' lang='lat' dir='ltr'><strong>netum</strong></span> <span class='ocrx_word' id='word_1_154' title='bbox 287 2755 358 2800; x_wconf 79' lang='lat' dir='ltr'><strong>esse</strong></span> <span class='ocrx_word' id='word_1_155' title='bbox 387 2753 554 2820; x_wconf 85' lang='lat' dir='ltr'><strong>ponemus.</strong></span> <span class='ocrx_word' id='word_1_156' title='bbox 596 2754 703 2820; x_wconf 89' lang='lat' dir='ltr'><strong>neque</strong></span> <span class='ocrx_word' id='word_1_157' title='bbox 729 2731 791 2798; x_wconf 90' lang='lat' dir='ltr'><strong>uiri</strong></span> <span class='ocrx_word' id='word_1_158' title='bbox 813 2731 900 2798; x_wconf 84' lang='lat' dir='ltr'><strong>(loeti</strong></span> <span class='ocrx_word' id='word_1_159' title='bbox 923 2743 998 2798; x_wconf 87' lang='lat' dir='ltr'><strong>ente</strong></span> <span class='ocrx_word' id='word_1_160' title='bbox 1020 2733 1196 2800; x_wconf 81' lang='lat' dir='ltr'><strong>Loohmau·</strong></span> 
     </span>
     <span class='ocr_line' id='line_1_22' title="bbox 145 2849 1197 2937; baseline -0.002 -20"><span class='ocrx_word' id='word_1_161' title='bbox 145 2871 225 2917; x_wconf 89' lang='lat' dir='ltr'><strong>num</strong></span> <span class='ocrx_word' id='word_1_162' title='bbox 247 2851 287 2917; x_wconf 90' lang='lat' dir='ltr'><strong>de</strong></span> <span class='ocrx_word' id='word_1_163' title='bbox 308 2851 446 2916; x_wconf 77' lang='lat' dir='ltr'><strong>ueritate</strong></span> <span class='ocrx_word' id='word_1_164' title='bbox 467 2850 543 2915; x_wconf 80' lang='lat' dir='ltr'><strong>euni</strong></span> <span class='ocrx_word' id='word_1_165' title='bbox 564 2849 681 2916; x_wconf 78' lang='lat' dir='ltr'><strong>notulis</strong></span> <span class='ocrx_word' id='word_1_166' title='bbox 703 2849 744 2915; x_wconf 87' lang='lat' dir='ltr'><strong>eb</strong></span> <span class='ocrx_word' id='word_1_167' title='bbox 767 2849 966 2937; x_wconf 85' lang='lat' dir='ltr'><strong>Hieronymo</strong></span> <span class='ocrx_word' id='word_1_168' title='bbox 987 2850 1120 2916; x_wconf 79' lang='lat' dir='ltr'><strong>indicati</strong></span> <span class='ocrx_word' id='word_1_169' title='bbox 1141 2849 1197 2915; x_wconf 82' lang='lat' dir='ltr'><strong>du·</strong></span> 
     </span>
     <span class='ocr_line' id='line_1_23' title="bbox 146 2966 1197 3051; baseline 0 -18"><span class='ocrx_word' id='word_1_170' title='bbox 146 2969 345 3051; x_wconf 85' lang='lat' dir='ltr'><strong>bitsuerunt,</strong></span> <span class='ocrx_word' id='word_1_171' title='bbox 365 2967 422 3033; x_wconf 88' lang='lat' dir='ltr'><strong>sed</strong></span> <span class='ocrx_word' id='word_1_172' title='bbox 444 2966 587 3032; x_wconf 83' lang='lat' dir='ltr'><strong>oermine</strong></span> <span class='ocrx_word' id='word_1_173' title='bbox 609 2985 651 3032; x_wconf 82' lang='lat' dir='ltr'><strong>uu</strong></span> <span class='ocrx_word' id='word_1_174' title='bbox 673 2966 796 3032; x_wconf 83' lang='lat' dir='ltr'><strong>sedueti</strong></span> <span class='ocrx_word' id='word_1_175' title='bbox 818 2989 883 3032; x_wconf 86' lang='lat' dir='ltr'><strong>non</strong></span> <span class='ocrx_word' id='word_1_176' title='bbox 904 2975 969 3033; x_wconf 83' lang='lat' dir='ltr'><strong>tem</strong></span> <span class='ocrx_word' id='word_1_177' title='bbox 991 2968 1197 3035; x_wconf 72' lang='lat' dir='ltr'><strong>tricenarium</strong></span> 
     </span>
     <span class='ocr_line' id='line_1_24' title="bbox 147 3081 1198 3174; baseline -0.001 -23"><span class='ocrx_word' id='word_1_178' title='bbox 147 3107 246 3174; x_wconf 73' lang='lat' dir='ltr'><strong>quem</strong></span> <span class='ocrx_word' id='word_1_179' title='bbox 275 3082 570 3172; x_wconf 74' lang='lat' dir='ltr'><strong>quadregeusrium</strong></span> <span class='ocrx_word' id='word_1_180' title='bbox 601 3093 731 3172; x_wconf 85' lang='lat' dir='ltr'><strong>poetum</strong></span> <span class='ocrx_word' id='word_1_181' title='bbox 758 3107 786 3150; x_wconf 84' lang='lat' dir='ltr'><strong>e.</strong></span> <span class='ocrx_word' id='word_1_182' title='bbox 809 3081 924 3162; x_wconf 90' lang='grc'><strong>707147</strong></span> <span class='ocrx_word' id='word_1_183' title='bbox 945 3095 1108 3150; x_wconf 90' lang='lat' dir='ltr'><strong>mortuum</strong></span> <span class='ocrx_word' id='word_1_184' title='bbox 1126 3107 1198 3152; x_wconf 88' lang='lat' dir='ltr'><strong>esse</strong></span> 
     </span>
    </p>
   </div>
   <div class='ocr_carea' id='block_1_3' title="bbox 145 3198 1197 3988">
    <p class='ocr_par' dir='ltr' id='par_1_3' title="bbox 145 3198 1197 3988">
     <span class='ocr_line' id='line_1_25' title="bbox 146 3198 1197 3288; baseline 0 -20"><span class='ocrx_word' id='word_1_185' title='bbox 146 3209 351 3284; x_wconf 74' lang='lat' dir='ltr'><strong>sumerum,</strong></span> <span class='ocrx_word' id='word_1_186' title='bbox 383 3201 429 3266; x_wconf 82' lang='lat' dir='ltr'><strong>ite</strong></span> <span class='ocrx_word' id='word_1_187' title='bbox 449 3198 657 3267; x_wconf 85' lang='lat' dir='ltr'><strong>Weiohertus</strong></span> <span class='ocrx_word' id='word_1_188' title='bbox 689 3199 729 3265; x_wconf 88' lang='lat' dir='ltr'><strong>de</strong></span> <span class='ocrx_word' id='word_1_189' title='bbox 755 3199 792 3264; x_wconf 87' lang='lat' dir='ltr'><strong>L.</strong></span> <span class='ocrx_word' id='word_1_190' title='bbox 821 3199 911 3266; x_wconf 84' lang='lat' dir='ltr'><strong>Verii</strong></span> <span class='ocrx_word' id='word_1_191' title='bbox 940 3202 1008 3266; x_wconf 78' lang='lat' dir='ltr'><strong>uite</strong></span> <span class='ocrx_word' id='word_1_192' title='bbox 1033 3223 1064 3288; x_wconf 90' lang='lat' dir='ltr'><strong>p.</strong></span> <span class='ocrx_word' id='word_1_193' title='bbox 1092 3201 1133 3266; x_wconf 81' lang='lat'><strong>24</strong></span> <span class='ocrx_word' id='word_1_194' title='bbox 1162 3212 1197 3268; x_wconf 80' lang='lat' dir='ltr'><strong>et</strong></span> 
     </span>
     <span class='ocr_line' id='line_1_26' title="bbox 146 3316 1195 3404; baseline 0.001 -20"><span class='ocrx_word' id='word_1_195' title='bbox 146 3317 323 3384; x_wconf 69' lang='lat' dir='ltr'><strong>Pellemus</strong></span> <span class='ocrx_word' id='word_1_196' title='bbox 343 3317 385 3382; x_wconf 85' lang='lat' dir='ltr'><strong>de</strong></span> <span class='ocrx_word' id='word_1_197' title='bbox 405 3326 491 3404; x_wconf 87' lang='lat' dir='ltr'><strong>poet.</strong></span> <span class='ocrx_word' id='word_1_198' title='bbox 516 3316 610 3382; x_wconf 84' lang='lat' dir='ltr'><strong>Rom.</strong></span> <span class='ocrx_word' id='word_1_199' title='bbox 633 3326 766 3383; x_wconf 77' lang='lat' dir='ltr'><strong>ametor.</strong></span> <span class='ocrx_word' id='word_1_200' title='bbox 788 3339 819 3404; x_wconf 93' lang='lat' dir='ltr'><strong>p.</strong></span> <span class='ocrx_word' id='word_1_201' title='bbox 834 3316 876 3382; x_wconf 83' lang='lat'><strong>28</strong></span> <span class='ocrx_word' id='word_1_202' title='bbox 898 3328 930 3383; x_wconf 83' lang='lat' dir='ltr'><strong>et</strong></span> <span class='ocrx_word' id='word_1_203' title='bbox 950 3317 1104 3384; x_wconf 84' lang='lat' dir='ltr'><strong>Munlrius</strong></span> <span class='ocrx_word' id='word_1_204' title='bbox 1123 3319 1195 3386; x_wconf 76' lang='lat' dir='ltr'><strong>hiet.</strong></span> 
     </span>
     <span class='ocr_line' id='line_1_27' title="bbox 145 3432 1196 3522; baseline 0.002 -22"><span class='ocrx_word' id='word_1_205' title='bbox 145 3435 206 3500; x_wconf 81' lang='lat' dir='ltr'><strong>litt.</strong></span> <span class='ocrx_word' id='word_1_206' title='bbox 230 3433 304 3502; x_wconf 68' lang='lat' dir='ltr'><strong>Lot.</strong></span> <span class='ocrx_word' id='word_1_207' title='bbox 325 3456 346 3500; x_wconf 90' lang='grc' dir='ltr'><strong>ιι</strong></span> <span class='ocrx_word' id='word_1_208' title='bbox 370 3433 439 3499; x_wconf 91' lang='grc'><strong>178.</strong></span> <span class='ocrx_word' id='word_1_209' title='bbox 482 3455 565 3522; x_wconf 90' lang='lat' dir='ltr'><strong>quos</strong></span> <span class='ocrx_word' id='word_1_210' title='bbox 593 3453 633 3498; x_wconf 90' lang='lat' dir='ltr'><strong>ne</strong></span> <span class='ocrx_word' id='word_1_211' title='bbox 661 3432 746 3499; x_wconf 80' lang='lat' dir='ltr'><strong>hono</strong></span> <span class='ocrx_word' id='word_1_212' title='bbox 767 3434 959 3499; x_wconf 85' lang='lat' dir='ltr'><strong>sententium</strong></span> <span class='ocrx_word' id='word_1_213' title='bbox 980 3446 1196 3522; x_wconf 87' lang='lat' dir='ltr'><strong>proponerent</strong></span> 
     </span>
     <span class='ocr_line' id='line_1_28' title="bbox 147 3549 1195 3638; baseline -0.002 -19"><span class='ocrx_word' id='word_1_214' title='bbox 147 3550 307 3619; x_wconf 69' lang='lat' dir='ltr'><strong>cautiores</strong></span> <span class='ocrx_word' id='word_1_215' title='bbox 338 3549 474 3617; x_wconf 88' lang='lat' dir='ltr'><strong>reddere</strong></span> <span class='ocrx_word' id='word_1_216' title='bbox 509 3549 651 3616; x_wconf 80' lang='lat' dir='ltr'><strong>debebat</strong></span> <span class='ocrx_word' id='word_1_217' title='bbox 685 3549 719 3614; x_wconf 87' lang='lat' dir='ltr'><strong>id</strong></span> <span class='ocrx_word' id='word_1_218' title='bbox 755 3551 841 3638; x_wconf 90' lang='lat' dir='ltr'><strong>quod</strong></span> <span class='ocrx_word' id='word_1_219' title='bbox 877 3551 1008 3618; x_wconf 76' lang='lat' dir='ltr'><strong>Vatinio</strong></span> <span class='ocrx_word' id='word_1_220' title='bbox 1044 3552 1195 3618; x_wconf 82' lang='lat' dir='ltr'><strong>extremis</strong></span> 
     </span>
     <span class='ocr_line' id='line_1_29' title="bbox 146 3665 1195 3744; baseline -0.002 -8"><span class='ocrx_word' id='word_1_221' title='bbox 146 3669 278 3736; x_wconf 85' lang='lat' dir='ltr'><strong>demum</strong></span> <span class='ocrx_word' id='word_1_222' title='bbox 300 3668 422 3734; x_wconf 86' lang='lat' dir='ltr'><strong>mensis</strong></span> <span class='ocrx_word' id='word_1_223' title='bbox 444 3666 635 3734; x_wconf 75' lang='lat' dir='ltr'><strong>Decembris</strong></span> <span class='ocrx_word' id='word_1_224' title='bbox 656 3687 686 3732; x_wconf 86' lang='lat' dir='ltr'><strong>e.</strong></span> <span class='ocrx_word' id='word_1_225' title='bbox 707 3665 822 3744; x_wconf 90' lang='grc'><strong>707147</strong></span> <span class='ocrx_word' id='word_1_226' title='bbox 851 3667 965 3734; x_wconf 87' lang='lat' dir='ltr'><strong>diebus</strong></span> <span class='ocrx_word' id='word_1_227' title='bbox 992 3667 1195 3735; x_wconf 85' lang='lat' dir='ltr'><strong>oonsuletum</strong></span> 
     </span>
     <span class='ocr_line' id='line_1_30' title="bbox 146 3781 1196 3875; baseline -0.004 -21"><span class='ocrx_word' id='word_1_228' title='bbox 146 3791 264 3875; x_wconf 81' lang='lat' dir='ltr'><strong>sdepto</strong></span> <span class='ocrx_word' id='word_1_229' title='bbox 305 3783 473 3854; x_wconf 71' lang='lat' dir='ltr'><strong>catullum</strong></span> <span class='ocrx_word' id='word_1_230' title='bbox 513 3783 592 3872; x_wconf 82' lang='lat' dir='ltr'><strong>ipsis</strong></span> <span class='ocrx_word' id='word_1_231' title='bbox 634 3781 754 3849; x_wconf 87' lang='lat' dir='ltr'><strong>eisdem</strong></span> <span class='ocrx_word' id='word_1_232' title='bbox 788 3783 902 3851; x_wconf 87' lang='lat' dir='ltr'><strong>diebus</strong></span> <span class='ocrx_word' id='word_1_233' title='bbox 943 3783 1061 3851; x_wconf 89' lang='lat' dir='ltr'><strong>librum</strong></span> <span class='ocrx_word' id='word_1_234' title='bbox 1103 3805 1196 3850; x_wconf 85' lang='lat' dir='ltr'><strong>suum</strong></span> 
     </span>
     <span class='ocr_line' id='line_1_31' title="bbox 146 3900 1193 3988; baseline -0.005 -18"><span class='ocrx_word' id='word_1_235' title='bbox 146 3905 287 3974; x_wconf 83' lang='lat' dir='ltr'><strong>edidisse</strong></span> <span class='ocrx_word' id='word_1_236' title='bbox 331 3911 365 3966; x_wconf 89' lang='lat' dir='ltr'><strong>et</strong></span> <span class='ocrx_word' id='word_1_237' title='bbox 406 3901 551 3988; x_wconf 86' lang='lat' dir='ltr'><strong>protinus</strong></span> <span class='ocrx_word' id='word_1_238' title='bbox 586 3908 749 3968; x_wconf 86' lang='lat' dir='ltr'><strong>mortuum</strong></span> <span class='ocrx_word' id='word_1_239' title='bbox 784 3923 860 3968; x_wconf 87' lang='lat' dir='ltr'><strong>esse·</strong></span> <span class='ocrx_word' id='word_1_240' title='bbox 888 3900 1078 3968; x_wconf 88' lang='lat' dir='ltr'><strong>sumendum</strong></span> <span class='ocrx_word' id='word_1_241' title='bbox 1113 3909 1193 3966; x_wconf 81' lang='lat' dir='ltr'><strong>eret</strong></span> 
     </span>
    </p>
   </div>
   <div class='ocr_carea' id='block_1_4' title="bbox 0 0 1467 4492">
    <p class='ocr_par' dir='ltr' id='par_1_4' title="bbox 0 0 1467 4492">
     <span class='ocr_line' id='line_1_32' title="bbox 0 0 1467 4492; baseline 0 0"><span class='ocrx_word' id='word_1_242' title='bbox 0 0 1467 4492; x_wconf 95' lang='lat' dir='ltr'><strong> </strong></span> 
     </span>
    </p>
   </div>
  </div>
 </body>
</html>
