2954 4492
272 331 321 382 126
556 327 578 379 V
612 327 660 380 Du
679 327 859 382 momnvs
877 327 1031 382 curvum

270 493 355 560 haud
376 491 442 559 scic
471 515 511 558 an
540 515 612 560 curn
642 493 878 560 renuntiatione
905 493 1024 558 amoris
1052 494 1154 558 artius
1181 494 1313 560 coniun-

271 610 378 698 genda
400 611 450 676 sit
494 610 551 698 qui
570 611 679 676 denim
700 610 808 676 obstat
830 632 894 698 quo
917 610 1022 676 minus
1044 608 1220 693 Catullum,
1241 631 1315 674 cnm

268 726 436 793 consilium
466 726 605 815 cepisset
630 726 768 794 Lesbiae
796 727 913 792 amoris
943 727 977 793 in
1006 735 1197 814 perpetuum
1220 747 1315 814 repu-

269 842 398 927 diandi,
432 843 539 910 Roma
571 843 735 909 Veronam
771 844 888 910 abiisse
919 843 1128 925 arbitremur,
1171 853 1205 910 et
1236 841 1313 930 quia

269 961 429 1044 Veronae,
460 961 515 1027 ubi
538 962 662 1027 occasio
683 959 822 1027 Lesbiae
844 959 1091 1048 conspiciendae
1115 961 1250 1042 deesset,
1272 960 1313 1026 ab

268 1076 376 1145 animo
404 1077 529 1144 facilius
557 1078 719 1165 inpetrare
747 1089 857 1166 posset
884 1089 919 1144 ut
939 1072 1111 1143 ‘obstinata
1130 1085 1238 1143 mente
1260 1077 1313 1143 ob

269 1187 408 1260 duraret'
428 1203 462 1260 et
483 1204 520 1261 ut
535 1193 700 1260 bominum
722 1217 794 1258 cnm
808 1193 1033 1260 beniuolorum
1057 1202 1126 1260 turn
1148 1191 1313 1259 maliuolo-

268 1331 340 1376 rum
361 1311 401 1378 de
422 1304 555 1397 rep'udio
583 1311 640 1376 illo
663 1332 827 1377 sermones
848 1319 881 1376 et
901 1309 1029 1377 fabulas
1049 1310 1076 1375 si
1097 1333 1164 1375 non
1185 1311 1312 1392 uitaret,

268 1437 356 1494 certe
377 1427 544 1515 effugeret
587 1427 709 1515 quode
730 1427 865 1516 repudio
888 1449 961 1492 cum
976 1425 1117 1493 Manlius
1138 1425 1217 1492 nihil
1238 1447 1311 1491 oon-

268 1545 422 1632 perisset,
443 1543 498 1609 illa
517 1542 558 1609 de
578 1542 718 1609 Lesbiae
739 1545 891 1633 nequitiis
912 1542 953 1610 ad
974 1542 1139 1610 Catullum
1160 1542 1311 1608 Veronae

267 1669 520 1727 commorantem
547 1661 616 1726 eius
646 1661 751 1727 lamae
778 1661 981 1727 consulturus
1000 1658 1136 1748 scripsit.
1187 1659 1310 1725 eisdem

266 1779 396 1862 caussis,
411 1777 526 1865 quibus
540 1788 577 1843 ut
591 1777 730 1842 Romam
745 1779 943 1866 relinqueret
958 1775 1119 1844 Catullum
1135 1775 1309 1842 adductum

267 1915 338 1960 esse
368 1892 464 1959 modo
497 1893 713 1979 coniecimus,
756 1903 844 1960 certo
875 1895 1081 1960 adfirmamus
1115 1914 1189 1958 eum
1224 1914 1309 1958 anno

265 2009 382 2088 697257
404 2031 475 2076 eum
497 2008 541 2076 G.
560 2009 714 2076 Memmio
731 2008 878 2078 Gemello
900 2020 1049 2097 praetore
1068 2007 1102 2074 in
1121 2008 1309 2097 Bithyniam

264 2125 464 2214 prouinciam
483 2127 664 2215 profectum
685 2150 755 2195 esse
775 2153 783 2195 :
805 2151 870 2217 qua
891 2129 931 2195 de
952 2128 1157 2217 expeditione
1178 2127 1309 2192 adcura

264 2242 329 2308 tius
369 2243 551 2332 exponendi
588 2247 713 2311 occasio
747 2244 833 2311 infra
863 2269 928 2312 non
961 2245 1071 2311 deerit.
1124 2244 1199 2309 illuc
1235 2267 1308 2309 eum

263 2359 410 2427 Catullus
437 2383 514 2426 uere
543 2361 620 2426 anni
647 2363 812 2451 sequentis
833 2361 950 2440 698s56
972 2362 1137 2445 rediisset,
1170 2382 1254 2448 quae
1274 2361 1309 2426 in

263 2476 414 2543 Lesbiam
437 2477 566 2565 scripsit
586 2479 729 2544 carmina
749 2501 854 2567 pauca
873 2488 999 2546 tantam
1020 2479 1112 2545 abest
1132 2488 1169 2544 nt
1190 2477 1308 2545 amoris

151 2663 152 2666 ,
263 2593 505 2681 qualiscumque
519 2603 618 2661 testes
640 2596 713 2678 sint,
734 2606 771 2661 ut
785 2597 884 2662 solam
905 2594 1141 2662 cauillationem
1156 2593 1307 2662 acerbam

263 2720 361 2799 etque
381 2710 492 2799 frigidi
512 2711 611 2778 animi
631 2713 902 2800 contemptionem
925 2713 1057 2800 spirent
1100 2712 1189 2779 illam
1211 2712 1308 2777 cauil-

261 2826 413 2893 lationem
439 2827 559 2895 Catulli
580 2839 697 2894 natura
718 2830 810 2918 quasi
825 2829 1021 2917 postulabat.
1064 2829 1183 2896 etenim
1199 2837 1306 2916 poeta,

263 2944 412 3032 quotiens
439 2967 534 3010 omne
562 2967 655 3011 sunm
682 2945 823 3012 studium
855 2956 888 3012 et
915 2967 1057 3011 amorem
1079 2954 1112 3010 et
1133 2945 1308 3011 amicitiam

262 3063 304 3128 ab
335 3061 473 3148 ingratis
503 3071 536 3128 ct
566 3061 699 3150 perfidis
733 3062 917 3128 hominibus
947 3061 1084 3150 turpiter
1112 3061 1245 3149 neglegi
1277 3070 1310 3126 et

262 3176 384 3265 despici
413 3177 510 3262 uidit,
542 3180 660 3246 totiens
681 3201 747 3246 non
770 3179 846 3246 satis
870 3179 983 3245 babuit
1006 3177 1119 3244 ciliciis
1140 3177 1206 3242 suis
1230 3177 1309 3244 fide

261 3295 335 3360 liter
355 3296 543 3383 perfunctus
565 3317 646 3380 esse,
668 3295 725 3362 sed
746 3297 796 3362 ira
819 3305 952 3384 propter
974 3295 1114 3362 animum
1139 3293 1308 3362 hominurn

260 3411 430 3478 scelestum
451 3413 666 3480 inflammatus
693 3417 758 3478 non
780 3412 869 3500 prius
891 3411 1057 3498 adquieuit
1076 3433 1182 3500 neque
1204 3411 1309 3478 dolori

261 3549 319 3594 sno
333 3529 488 3594 solacium
505 3530 684 3618 repperisse
699 3551 734 3595 se
751 3528 887 3616 putauit,
909 3527 1013 3594 donec
1026 3529 1174 3594 homines
1194 3529 1244 3594 illi
1260 3529 1309 3594 in·

261 3645 346 3732 grati
365 3634 443 3710 ‘lixi’
462 3648 638 3713 carminum
667 3642 748 3713 ‘telis
777 3646 968 3736 supplicium
998 3640 1169 3712 dedissent’
1194 3667 1309 3732 grane·

259 3761 370 3850 itaque
392 3760 538 3830 Catullus
566 3785 638 3830 cum
661 3786 680 3828 e
702 3763 857 3852 Bithynia
884 3763 1070 3830 reuertisset
1102 3771 1135 3828 et
1165 3763 1308 3828 Romam

259 3879 420 3960 uenisset,
451 3878 497 3945 ibi
528 3903 587 3968 per
612 3881 732 3946 amicos
762 3880 885 3948 audiuit
915 3901 1013 3967 qnam
1043 3880 1177 3968 egregia
1204 3902 1308 3969 nuper
