2950 4480
1033 301 1157 380 md

135 510 385 582 discemantur:
417 533 493 580 cum
522 513 716 598 praesertim
744 534 811 586 nou
839 511 877 582 in
902 534 1007 584 unum
1034 511 1155 597 sedin

135 633 295 718 conplura
316 632 521 718 exemplaria
540 633 733 710 saonensis
751 631 855 698 codex
869 632 1087 716 conscriptus
1102 632 1155 710 sit,

136 754 191 820 uel
213 751 286 818 ideo
307 754 414 820 oritur
436 753 629 836 saepissime
649 751 843 836 disceptatio
865 761 979 818 utrum
1006 750 1156 820 lectionis

139 873 316 940 diuersitas
344 871 422 938 inde
444 870 531 954 quod
552 871 679 940 scribae
701 872 824 940 diuersi
845 872 880 936 in
903 870 1056 938 ductibus
1081 869 1158 938 libri

69 1011 78 1028 ’
137 992 331 1058 ueronensis
357 991 534 1058 reddendis
561 992 656 1060 uaria
684 992 819 1060 forenna
848 991 1071 1060 laborusnerint
1098 1010 1155 1055 ox·

135 1110 290 1198 plicanda
312 1113 358 1178 eit
378 1132 420 1177 an
442 1132 485 1178 ex
506 1111 734 1184 emendatione
755 1112 897 1196 agitata
911 1111 1031 1180 enoris
1047 1111 1156 1178 cuius·

135 1229 212 1298 darn
243 1231 278 1295 in
308 1229 392 1298 libro
421 1231 598 1300 uerouenei
629 1230 795 1300 commissi
825 1231 988 1316 originem
1015 1230 1156 1300 duxerit

133 1370 252 1416 uerum
284 1358 567 1435 quantaecumque
600 1363 679 1418 eunt
712 1351 925 1420 difficultates
958 1353 993 1418 in
1027 1351 1089 1418 hac
1121 1372 1157 1417 re

134 1468 383 1555 peruincendas,
405 1476 519 1536 tamen
539 1469 697 1538 editorem
711 1469 853 1555 siugnbs
872 1470 1060 1555 quibusque
1076 1469 1157 1536 locis

137 1587 217 1674 qnid
238 1589 339 1656 fuerit
360 1590 396 1652 in
417 1588 503 1657 libro
525 1591 703 1656 ueronensi
726 1627 765 1638 -
789 1610 932 1673 quocum
953 1590 991 1656 in
1011 1589 1157 1656 numine

137 1707 344 1792 aemgeeimo
366 1705 510 1774 seeundo
530 1707 671 1790 gallicus
685 1715 789 1776 certat
802 1745 841 1756 -·-
855 1709 949 1791 prius
963 1729 1063 1791 quarn
1077 1705 1158 1790 qnid

135 1835 233 1912 poeta
248 1826 415 1910 scripserit
429 1846 584 1909 quaerere
598 1835 735 1911 oportet
772 1847 840 1910 que
850 1829 937 1894 facto
951 1849 994 1894 ex
1015 1827 1156 1896 lectione

138 1965 237 2030 qnam
259 1945 295 2010 in
318 1945 402 2012 libro
423 1946 600 2012 neronenei
620 1945 723 2012 fuisse
738 1945 907 2029 inquisitio
922 1946 1065 2030 diligens
1080 1966 1156 2032 pro·-

138 2065 250 2132 babile
271 2063 417 2130 reddidit
438 2065 511 2148 ipsa
533 2062 657 2133 Catulli
680 2065 782 2131 uerba
802 2064 1015 2149 reciperando
1036 2073 1123 2132 eunt

241 2183 297 2249 Ad
326 2205 429 2250 unam
457 2186 651 2252 uerouensie
679 2183 799 2251 codicis
829 2185 1006 2254 lectionem
1036 2184 1157 2252 editori

138 2304 266 2372 canui
294 2305 430 2372 omnino
457 2302 662 2370 redeundum
684 2325 755 2370 esso
775 2303 1012 2372 Leobrnonnus
1034 2307 1158 2388 optime

137 2425 314 2508 perspexit,
336 2424 400 2490 etei
420 2445 488 2488 non
511 2444 548 2488 eo
570 2443 763 2507 progressus
778 2432 883 2490 estut
897 2421 1158 2492 omniandicnns

137 2551 326 2611 nostrorum
340 2543 494 2610 uarietati
507 2563 610 2611 unam
624 2542 745 2610 codicia
755 2544 946 2610 ueronensis
955 2544 1158 2626 scripturam

135 2685 178 2730 ox
199 2662 259 2728 illa
281 2663 425 2728 elicitam
447 2661 677 2732 substitueret:
699 2661 757 2728 sed
780 2661 947 2746 duplicem
961 2662 1080 2730 maluit
1096 2683 1156 2746 per

136 2783 263 2851 librum
290 2783 510 2850 catullianum
543 2783 718 2852 lectionem
750 2781 950 2861 adscribere,
983 2784 1077 2850 cuius
1109 2783 1159 2852 al-

136 2913 208 2970 tera
235 2911 311 2971 utra
338 2902 538 2986 scripturam
565 2901 643 2968 libri
672 2904 866 2971 ueronensis
888 2911 1157 2987 repraesentaret

140 3022 221 3090 baec
244 3023 334 3090 enim
355 3021 458 3089 uerba
478 3023 667 3106 praeposuit
688 3023 837 3088 editioni:
861 3024 1000 3089 ‘Godicea
1020 3025 1060 3088 D
1073 3031 1102 3088 et
1115 3025 1157 3099 Ia,

137 3165 221 3216 cram
247 3163 411 3226 quorum
438 3142 634 3208 alterutro
661 3143 784 3210 ceteri
809 3163 895 3208 aon.
913 3141 1157 3226 interpolati

136 3263 275 3346 ubique
297 3263 601 3345 coarcatiuat⁶³),
623 3263 684 3327 duc
703 3261 838 3330 editione
859 3269 938 3326 totos
955 3260 1159 3328 canumet

137 3383 257 3466 quibus
287 3389 450 3465 quantum
477 3380 519 3447 de
548 3381 674 3448 (latulli
705 3379 895 3446 recensione
920 3379 1162 3448 Isaobmannas·
1219 3379 1229 3408 ⁸

136 3502 296 3566 meruerit
321 3509 410 3567 recte
437 3499 660 3566 aestimabunt
692 3501 722 3566 si
753 3499 811 3582 qui
844 3497 1044 3564 contulerint
1076 3497 1156 3580 quid

136 3617 330 3688 munnio
345 3621 397 3703 [in
412 3620 557 3687 editione
571 3642 597 3686 o.
613 3619 780 3700 LXVIII]
795 3615 884 3683 idem
898 3617 1163 3688 instrumentum
1296 3619 1299 3626 '

137 3740 290 3806 criticum
312 3759 377 3822 quo
398 3747 513 3824 postea
541 3739 775 3806 Lachmannns
796 3757 878 3804 usus
900 3745 952 3802 est
972 3737 1155 3822 profecerit

206 3876 240 3928 ea
258 3875 340 3930 neor
356 3875 531 3930 nemu.
547 3874 812 3930 nnanrseunu
829 3871 1155 3942 numerumn-eos
