2954 4492
456 335 494 388 VI
528 337 578 390 DE
595 333 777 388 sucumve
794 333 949 388 cauum
1185 339 1232 388 141

347 502 517 568 decoctoris
536 501 642 567 crahc
663 501 840 570 Formsisrsi.

351 629 402 684 ten
421 618 590 704 prouincia
610 629 718 684 narrat
739 639 804 684 coac
826 618 966 684 belluam?

348 745 441 800 nawa
463 733 576 800 bachio
595 745 705 800 coebo
726 738 948 820 conparatur?

349 873 367 917 o
388 851 526 917 acaciam
547 851 690 938 carpiana
710 863 737 916 ct
757 851 936 938 ussedom.

181 1089 353 1177 quaeritur
374 1109 439 1174 qno
460 1096 607 1176 tempore
627 1087 705 1154 illud
727 1085 904 1154 carminum
925 1109 985 1176 per
1003 1087 1160 1176 scriptum
1183 1089 1235 1156 sit.

182 1203 354 1272 Mamurra
373 1205 484 1292 igitur,
505 1205 657 1272 decoctor
671 1203 865 1272 Formianus
887 1205 943 1290 (cl.
958 1215 1070 1272 xxviro
1084 1204 1104 1270 3
1118 1224 1182 1270 nvrr
1197 1205 1233 1291 4)

183 1345 261 1389 cnm
282 1323 456 1406 Amatina,
487 1321 595 1411 puella
615 1323 674 1389 illa
699 1322 950 1411 Transpadana,
981 1345 1051 1390 rem
1077 1323 1235 1392 habuerat

183 1440 239 1506 nel
261 1438 411 1508 habebat
455 1439 510 1506 esd
533 1439 662 1529 quando
677 1439 851 1506 habebat?
896 1439 1094 1508 Mamurram
1116 1443 1234 1508 scimus

183 1555 261 1624 Iulii
294 1554 444 1624 Caesaris
476 1557 510 1622 in
542 1555 650 1624 Gallia
678 1555 863 1645 Cisalpina,
902 1558 992 1624 cuins
1028 1579 1105 1646 pars
1142 1559 1235 1646 regio

183 1673 423 1762 Transpadana
444 1673 515 1756 fuit,
540 1673 739 1762 praelectum
759 1673 888 1740 fabrum
909 1673 1007 1741 fuisse
1029 1674 1142 1760 (Plinii
1162 1675 1233 1741 hist.

184 1801 293 1858 natur.
316 1813 418 1858 xxxvi
441 1791 539 1876 648)
561 1815 569 1856 ι
591 1802 743 1880 prompta
762 1791 865 1880 igilur
886 1791 1071 1859 coniectura
1093 1801 1143 1858 est
1170 1791 1234 1858 illis

183 1909 388 1997 temporibus
410 1908 527 1998 quibus
546 1929 680 1975 munere
700 1908 755 1974 illo
775 1909 904 1976 funetm
930 1917 1015 1975 esset
1036 1907 1233 1976 Mamurram

183 2049 260 2092 cnm
289 2027 443 2093 Ametina
478 2026 707 2092 commercium
736 2025 899 2114 quoddam
926 2025 1103 2093 instituisse
1124 2051 1132 2094 ι
1154 2026 1233 2092 nihil

184 2154 297 2211 autem
330 2144 437 2210 obsta
475 2165 540 2231 qno
571 2144 677 2209 minus
713 2143 806 2210 simul
838 2165 911 2210 cum
943 2144 1083 2212 Caesare
1114 2145 1233 2210 mensis

183 2260 311 2349 Aprilis
337 2259 429 2328 initio
459 2282 489 2326 a.
512 2259 629 2338 696168
656 2259 854 2328 Mamurram
884 2259 916 2326 iu
938 2260 1139 2350 prouinciam
1161 2284 1234 2351 pro-

183 2378 308 2444 fectum
328 2397 399 2444 esse
420 2399 620 2445 censeamus.
662 2387 760 2465 alque
780 2400 819 2445 eo
841 2377 911 2467 ipso
934 2400 1018 2444 anno
1040 2377 1233 2458 69616806-

183 2495 285 2562 tullus
306 2495 451 2562 carmina
471 2494 525 2561 illa
546 2495 713 2583 scripsisse
741 2494 880 2562 uidetur.
923 2519 997 2562 nam
1019 2505 1094 2584 post
1115 2517 1234 2562 annum

182 2613 273 2679 hunc
292 2612 446 2680 Lesbiam
466 2612 513 2678 ita
532 2623 570 2679 nt
590 2615 623 2680 in
646 2613 787 2680 carmine
813 2635 939 2680 xxxxm
961 2613 1039 2678 lecit
1059 2621 1155 2701 poeta
1177 2613 1234 2680 uix

183 2729 504 2797 commemorauieset
525 2730 657 2818 opinor,
686 2729 745 2796 etsi
766 2731 800 2798 in
820 2729 883 2796 hoc
905 2730 1045 2798 carmine
1065 2730 1167 2818 probe
1188 2731 1235 2796 in·

181 2847 306 2936 tellcgo
334 2869 400 2916 non
421 2859 490 2916 tam
512 2848 552 2914 de
574 2847 712 2914 Lesbiae
741 2847 900 2932 moribus,
933 2871 1013 2937 quos
1041 2857 1107 2914 tam
1137 2869 1234 2936 saepe

182 2977 283 3054 pocta
308 2964 534 3054 reprehendit,
567 2987 664 3054 quam
689 2963 729 3030 dc
750 2964 966 3054 pulcritudine
988 2963 1067 3031 nulli
1089 2963 1235 3032 dissimu-

182 3081 283 3149 landa
304 3104 484 3149 sermonem
508 3105 587 3149 esse.
630 3083 687 3152 sed
718 3083 794 3148 anni
815 3081 932 3162 696le
953 3091 1099 3170 tempora
1120 3082 1234 3149 amori·

182 3201 247 3268 bus
273 3207 391 3288 poetae
418 3199 526 3266 tristia
554 3223 592 3266 ac
623 3199 741 3279 dubia,
774 3199 892 3288 quibus
921 3197 1068 3267 Catullus
1098 3199 1172 3266 odio
1201 3209 1234 3266 et

182 3339 296 3384 amore
326 3317 389 3383 huc
415 3315 493 3382 illuc
521 3317 713 3401 iactarclur,
748 3317 899 3383 uidentur
926 3316 1090 3405 postulare
1118 3326 1155 3382 ut
1186 3317 1233 3384 eia

181 3435 240 3502 illa
262 3435 406 3501 carmina
420 3433 497 3500 bina
511 3433 721 3521 adsignemus
735 3459 743 3501 ι
759 3444 796 3500 ut
809 3433 1016 3522 intellegatur
1029 3456 1094 3522 qua
1109 3433 1233 3502 ratione

181 3563 281 3640 poeta
298 3573 364 3618 non
378 3552 444 3618 iam
459 3549 554 3618 nimis
567 3549 708 3616 Lesbiae
724 3551 807 3617 fidus
821 3551 918 3617 modo
934 3551 977 3618 ab
992 3551 1144 3618 Ametina
1160 3573 1233 3618 con·

183 3667 328 3736 cubitum
358 3667 418 3736 sibi
447 3677 601 3757 expelere
620 3665 719 3734 modo
745 3667 880 3735 muliere
900 3667 962 3733 hac
983 3677 1092 3756 spreta
1113 3669 1234 3736 amicae

181 3787 305 3854 ueteris
333 3787 522 3853 memoriam
548 3797 582 3854 et
602 3786 787 3874 exemplum
807 3785 841 3852 in
862 3785 1004 3852 animum
1024 3805 1180 3852 reuocare
1200 3795 1234 3852 et

181 3905 229 3972 illi
250 3925 416 3994 oppenere
434 3903 587 3994 potnerit.
