2920 4492
270 295 298 348 11
339 297 388 349 DE
402 295 509 350 sums
526 295 660 352 usuum
676 297 724 350 ΕΤ
740 294 873 350 utum
889 295 1046 350 usuum
1146 299 1179 350 98

136 460 251 528 Italum
280 483 364 550 quse
393 460 435 526 tie
461 460 515 528 die
541 461 659 530 Catulli
686 461 786 529 netuli
813 463 968 530 ariolator
996 465 1101 550 ipsum
1121 463 1179 530 tin·

136 574 219 647 xitee
238 578 317 646 mihi
338 577 469 666 quidem
490 578 701 646 certissimum
723 591 788 664 est,
811 579 929 648 deinde
949 579 977 646 si
997 591 1179 669 temporum

134 693 274 762 ustiones
305 705 504 784 spectemus,
536 719 617 786 ques
638 696 743 764 100100
764 697 927 784 explicare
952 719 1060 786 neque
1084 699 1180 764 huius

133 809 193 878 loei
214 823 248 878 et
267 811 403 901 longum
431 823 497 896 eet,
528 813 600 880 fieri
627 835 693 880 non
720 814 827 903 potuit
857 825 894 881 ut
923 815 1024 882 netuli
1051 814 1179 880 demum

134 949 215 996 0000
244 928 366 998 catulli
398 931 451 996 nel
478 928 691 1019 praesedento
718 954 747 998 0
768 931 885 1008 666188
912 929 1037 998 Plotius
1066 930 1182 998 Gallus

130 1045 325 1116 rhetoricum
346 1047 497 1136 Latinum
519 1049 635 1116 dooere
658 1049 815 1136 eoeperit,
844 1057 943 1136 etque
963 1048 1036 1114 luoe
1065 1047 1182 1112 elarius

131 1173 179 1228 est
198 1164 240 1230 ab
262 1164 368 1249 11010,
397 1166 454 1255 qui
474 1164 546 1232 1000
574 1163 740 1232 Ciceronis
768 1165 810 1230 ab
838 1165 1040 1254 Hieronymo
1071 1163 1179 1231 odloto

130 1280 281 1347 seductus
303 1292 369 1364 est,
392 1304 513 1348 annum
533 1281 666 1367 666188,
688 1305 753 1372 quo
774 1281 921 1350 floruisse
942 1283 1082 1349 Plotium
1104 1281 1181 1347 Hie·

129 1417 285 1486 ronymus
307 1400 422 1465 testmi
444 1400 547 1466 uoluit
569 1400 623 1484 (el.
638 1397 677 1468 O.
698 1399 737 1466 F.
760 1399 969 1466 Hermunnus
989 1399 1008 1464 l.
1032 1422 1060 1466 0.
1083 1423 1114 1486 p.
1135 1398 1179 1482 91,

129 1537 200 1581 eum
226 1537 267 1582 00
296 1516 465 1584 confusum
495 1537 566 1582 esse
602 1537 666 1606 quo
695 1515 813 1583 dooere
839 1516 892 1582 ille
919 1517 1035 1604 eoepit.
1087 1514 1179 1582 uides

128 1629 226 1717 igitur
247 1655 291 1700 ne
312 1632 480 1700 minimam
499 1631 628 1722 quidem
648 1635 873 1701 auctoritatem
888 1635 976 1700 uitse
993 1633 1041 1699 illi
1062 1633 1180 1700 sseribi

127 1741 229 1836 0000

208 1865 257 1936 Ut
293 1863 396 1954 igitur
426 1887 465 1932 00
492 1865 661 1934 redeamus
694 1865 779 1932 unde
808 1865 917 1954 paullo
948 1875 1024 1932 ente
1056 1866 1179 1952 egrossi

126 2003 274 2067 0000000,
310 1981 504 2072 Hieronymi
535 1983 752 2050 definitionem
779 1981 894 2050 setetis
916 1981 1036 2050 Catulli
1065 1982 1178 2049 felssm

126 2098 268 2166 0000610
290 2097 391 2166 rebus
413 2121 509 2188 quem
537 2099 797 2166 manifestissime
826 2098 939 2165 elucet
983 2118 1177 2187 quemquem

123 2215 351 2304 Hieronymus
382 2214 549 2285 Catullum
580 2237 667 2282 0000
699 2215 814 2293 697161
847 2239 865 2281 0
900 2215 970 2282 uite
1004 2213 1179 2281 decessisse

124 2333 240 2420 donet,
277 2343 392 2402 temen
421 2330 570 2400 Catullus
590 2332 660 2420 ipse
682 2331 824 2398 0000100
846 2350 921 2398 0001
942 2331 1178 2398 testatores

123 2449 323 2540 Pompeium
350 2471 435 2516 0000
457 2447 576 2528 699166
595 2448 711 2516 iterum
740 2448 904 2516 consulem
931 2447 1052 2515 uidisse
1073 2473 1081 2515 ε
1102 2470 1179 2536 quo

122 2589 195 2636 oum
225 2568 304 2634 1000
334 2587 464 2634 carmen
485 2585 531 2634 Lu
552 2566 573 2632 6
594 2565 823 2634 eonferendum
850 2575 915 2646 est,
949 2587 1014 2654 quo
1041 2562 1179 2652 Pompei

121 2685 269 2752 eiusdem
307 2678 431 2771 ‘Magni
459 2677 647 2750 ambuletio'
675 2693 965 2766 commemoratur,
1001 2704 1098 2772 quem
1126 2681 1180 2750 1110

121 2801 235 2868 eodem
260 2823 351 2868 0000
371 2822 436 2889 qno
459 2801 578 2866 iterum
600 2801 711 2868 000001
733 2809 804 2867 eret
826 2798 932 2866 extrui
953 2799 1056 2865 iussit
1079 2820 1176 2886 porro

121 2917 243 2986 0010111
258 2918 410 2984 carmine
421 2939 456 2984 n
465 2927 618 2984 etxxvuu
628 2919 704 3006 post
718 2915 956 3006 expeditionem
965 2937 1051 2981 0000
1062 2915 1181 2994 699166

119 3057 139 3100 0
159 3036 311 3104 (1000000
331 3031 365 3100 10
378 3032 581 3100 Britanniam
597 3033 717 3102 100000
738 3033 858 3122 scripte
879 3035 945 3100 sint
965 3053 1097 3100 neeesse
1119 3042 1180 3100 est

119 3151 264 3244 (lenique
275 3151 314 3220 in
324 3149 468 3216 0000100
482 3168 536 3218 uin
544 3173 612 3216 rem
621 3151 785 3238 quendum
799 3149 937 3238 lepidum
949 3149 1096 3216 Catullus
1105 3173 1178 3218 uor-

118 3279 178 3356 rst,
201 3289 293 3358 quse
314 3289 392 3334 cum
415 3265 560 3334 Lieinius
575 3264 698 3335 001000
712 3289 823 3334 mense
836 3263 953 3334 Sextili
969 3289 996 3332 0.
1012 3266 1179 3346 70016410
1296 3265 1298 3272 ’

118 3383 294 3454 Vatinium
330 3382 416 3471 opud
444 3381 568 3450 iudices
596 3383 681 3470 egit,
717 3381 843 3450 noeidit.
891 3392 1062 3472 praetereo
1097 3385 1180 3452 01100

116 3504 215 3569 etism
241 3523 300 3568 res
327 3500 362 3566 10
384 3499 467 3566 libro
491 3497 675 3568 enuntians
697 3501 905 3588 reperiuntur
932 3501 1050 3590 quibus
1078 3501 1180 3590 seiius

117 3643 215 3710 quam
253 3616 483 3703 Hieronymus
516 3615 672 3683 indicauit
708 3615 874 3684 Catullum
908 3629 1072 3686 mortuum
1107 3641 1179 3685 esee

116 3737 369 3806 demonstratur
393 3755 401 3799 ε
421 3731 480 3799 sed
506 3732 587 3800 nihil
606 3732 691 3800 inest
720 3756 784 3824 quo
813 3744 888 3822 post
915 3757 1036 3804 annum
1061 3735 1179 3812 molet

114 3865 251 3943 0000010
268 3853 499 3920 veronensem
512 3850 634 3919 uixisse
652 3850 784 3919 eredere
804 3852 961 3938 cogimur.
988 3851 1041 3918 eui
1054 3861 1181 3920 senten·

957 3951 978 4016 3
