2954 4492
394 373 419 426 V
454 373 504 428 DE
521 373 701 428 AMORIBVS
720 373 871 426 aarum
1129 376 1162 428 Bb

121 538 249 607 amicum
276 541 379 608 fuisse
409 563 477 608 nnn
510 561 615 628 possa.
660 539 849 628 profitemur
877 540 978 629 igitur
1004 563 1063 608 nos
1095 541 1165 630 quis

122 655 250 722 Alienus
279 657 431 724 carminis
464 681 533 724 xxx
565 655 663 724 fucrit
694 657 838 741 nescire,
871 659 911 724 dc
940 659 1028 726 Varo
1056 669 1163 726 autem

121 775 260 840 carminis
281 799 305 841 x
326 785 361 842 st
381 797 448 841 xxc
480 774 564 842 infra
584 775 803 841 coniecturam
824 795 1053 864 proponemus.

194 889 332 980 Propter
352 892 538 979 argumenti
556 891 801 979 congruentiam
815 914 880 958 nou
895 892 973 958 nulli
989 893 1051 959 uiri
1066 891 1165 978 docti,

119 1007 195 1075 intur
224 1031 306 1098 quos
334 1007 502 1076 Muratum
529 1018 562 1075 ct
588 1009 740 1075 Vossium
761 1008 908 1092 nomino,
938 1007 979 1076 nd
1011 1009 1164 1076 Alienum

119 1125 207 1191 etism
249 1147 381 1192 carmen
422 1145 525 1192 Luxus
563 1123 685 1192 Dacica
728 1125 768 1192 dc
801 1148 954 1214 qucqnccm
995 1128 1164 1214 quicquum

119 1241 184 1308 dena
208 1245 282 1310 uada
310 1247 422 1308 marari
447 1241 600 1308 referunt.
653 1241 739 1330 quod
778 1241 928 1330 equidem
953 1263 1020 1310 non
1051 1243 1163 1331 probo.

118 1381 186 1424 uam
215 1359 254 1426 dc
286 1359 409 1426 Alscuo
438 1359 585 1447 queritur
618 1356 766 1425 Catullus
795 1359 884 1446 quod
918 1359 972 1425 illc
1002 1380 1037 1424 ss
1071 1359 1163 1427 malis

118 1497 296 1562 oppressum
318 1473 508 1542 deseruerit.
551 1471 609 1540 scd
639 1473 683 1557 is,
719 1472 809 1541 cuius
830 1474 997 1562 perfidiam
1019 1475 1163 1543 curmiuc

119 1609 212 1658 mm
233 1601 333 1682 pocta
356 1593 511 1680 castigat,
543 1599 674 1680 poetam
702 1613 767 1656 non
797 1601 863 1658 tam
891 1587 934 1657 ‘in
962 1593 1055 1660 malis
1075 1592 1163 1660 dcsa

117 1703 220 1775 rando’
244 1731 344 1799 quam
365 1706 522 1796 ‘grauiter
543 1719 576 1776 ct
598 1711 714 1775 acsrbc
735 1701 893 1796 urgendo’
913 1707 1017 1775 laesit.
1062 1731 1163 1798 quara

117 1847 207 1892 carna
230 1846 334 1894 uxxsn
357 1825 466 1916 potius
488 1825 522 1892 iu
543 1825 666 1893 Rufum
691 1825 846 1915 scriptum
867 1847 938 1892 ussa
958 1835 1050 1915 puto,
1071 1826 1163 1893 cuius

117 1963 226 2007 ucmsu
240 1943 351 2031 ipsum
365 1941 399 2007 iu
413 1963 510 2010 uersu
524 1944 544 2007 4
560 1941 705 2029 grauiter
726 1951 878 2028 corrupto
899 1949 1033 2030 propter
1048 1942 1162 2010 ductus

115 2055 289 2126 btturarum
310 2057 549 2147 insequentium
568 2057 670 2124 taedet
689 2056 869 2124 simillimos
890 2058 999 2125 nescio
1019 2082 1062 2125 an
1078 2060 1162 2127 cxci-

116 2171 203 2242 derit.
248 2185 382 2264 postam
415 2173 501 2242 anim
537 2177 583 2241 ita
621 2173 788 2264 scripsisse
821 2197 924 2263 panus
957 2175 1162 2262 crediderim,

116 2295 196 2358 immo
212 2296 312 2376 cauus,
337 2289 428 2357 Oceli
447 2291 515 2377 (nal
530 2289 653 2375 Oualoi),
675 2291 775 2357 taeda
794 2291 934 2381 obestque
954 2299 1061 2381 mcpic.
1097 2293 1162 2361 duo

115 2417 277 2494 practerea
311 2405 462 2475 Catullus
493 2408 527 2474 iu
559 2407 682 2474 Rufum
718 2406 861 2476 carmina
891 2408 1019 2499 scripsit
1050 2429 1163 2476 uxxvn

115 2523 197 2612 Basa
237 2526 320 2592 ambi
349 2523 482 2612 frustra
529 2547 569 2592 aa
603 2528 786 2613 nequiquam
828 2525 943 2592 credun
988 2527 1088 2594 amabo
1130 2537 1163 2594 st

115 2647 219 2710 vann
251 2641 337 2710 Nota·
362 2645 517 2708 admirari
541 2665 636 2730 paura
663 2641 721 2708 tibi
744 2641 867 2726 farurim
894 2645 989 2710 nullu.
1037 2644 1069 2710 iu
1098 2667 1164 2712 cur-

114 2757 194 2824 minc
215 2761 329 2848 priore
360 2778 498 2843 Lxxvn,
536 2759 624 2848 quod
657 2759 783 2827 duobus
816 2758 980 2846 distichis,
1014 2782 1098 2850 quaa
1127 2760 1160 2827 in

114 2873 200 2942 libris
239 2885 319 2964 pust
362 2883 489 2942 sextum
535 2874 686 2942 carminis
735 2876 899 2964 sequentis
943 2898 1073 2944 uersum
1107 2899 1163 2965 po-

114 2989 170 3056 sita
198 3003 293 3076 sunt,
331 2992 585 3060 continuandum
625 3013 696 3058 csse
724 3002 799 3082 post
828 2992 963 3060 Achillis
993 2991 1090 3062 Statii
1121 2993 1162 3060 ds

113 3106 177 3176 loco
207 3108 340 3176 illorum
368 3129 521 3175 uersuum
552 3108 785 3175 dubitationem
808 3110 865 3194 (cf.
894 3109 1004 3178 Vossii
1036 3111 1161 3178 obscru.

114 3247 143 3311 p.
160 3225 236 3312 306)
258 3226 412 3312 Scaliger
432 3224 643 3292 Lachmanuo
674 3225 819 3314 Hauptio
840 3225 1045 3294 Frocblichic
1066 3227 1163 3295 Ross-

114 3339 224 3410 barbic
244 3341 409 3410 Tauffclin
431 3343 687 3432 adprobantibus
708 3343 807 3426 uidit,
838 3354 971 3432 quastus
1000 3343 1163 3412 acerbissi-

113 3481 178 3526 mos
196 3461 229 3528 in
251 3460 380 3528 Rufum
403 3460 540 3527 affundit
560 3459 709 3530 Catnflus
729 3461 798 3546 bos,

189 3577 281 3664 Rufe
302 3578 386 3644 maii
403 3576 528 3656 frustra
548 3599 586 3642 ac
607 3577 794 3664 acqus'qacm
817 3577 930 3643 credda
949 3582 1058 3662 amico,

227 3693 402 3778 (svumss
421 3699 510 3759 ccmo
531 3715 641 3780 mapuo
663 3715 734 3759 osan
752 3697 850 3779 pretio
871 3705 963 3781 atqua
983 3695 1090 3780 mulo),

172 3851 200 3920 ‘)
219 3853 357 3908 Theodori
374 3853 483 3922 Bargkii
501 3855 666 3919 sonandam,
687 3869 766 3921 quam
783 3855 810 3907 in
823 3855 892 3909 Mus.
906 3855 1025 3908 Rhsnan.
1046 3871 1109 3908 non.
1126 3871 1162 3908 xv

113 3945 159 3999 ⁵1⁰
174 3951 314 4018 exposuit,
330 3949 538 4014 rasomonorum
556 3954 584 4001 st
600 3948 791 4017 speciosiorum
809 3963 868 4003 orm
885 3963 964 4020 quam
981 3949 1111 4002 uariorcm
1128 3949 1162 4007 ad

114 4053 213 4098 aarum
230 4057 342 4106 mvn
360 4041 541 4098 domomum
557 4045 585 4098 in
604 4044 691 4100 suino
708 4043 843 4100 habemus.
