2950 4480
313 307 348 377 X

314 510 399 577 1800
410 531 485 576 cnm
500 509 659 594 adparatu
671 509 797 592 reliquo
809 507 1145 576 catullianoSantenii
1157 513 1333 595 emptionis

311 633 383 696 iure
398 630 439 696 ad
455 629 673 696 HFDieaiuns
688 630 790 706 uenit,
812 648 902 694 nnnc
917 629 1002 694 inter
1016 649 1094 712 opes
1108 629 1274 698 dieaianes
1294 633 1332 698 in

313 750 513 818 bibliotheca
535 749 734 814 berolinensi
756 748 849 834 regia
877 747 1084 826 adseruatur‚
1111 749 1159 816 ite
1180 752 1331 835 signatus

312 871 374 936 Me.
395 871 488 936 Dies.
510 871 553 937 B.
576 869 665 936 Suet.
687 871 741 934 37.
785 874 836 932 est
858 867 1050 933 chartaceus
1071 869 1179 934 forme
1199 877 1330 936 octona-
1454 913 1456 924 ι

312 991 370 1055 ria
420 989 569 1054 continet
601 986 681 1054 folia
711 1003 786 1063 exn,
814 1006 954 1068 quorum
986 1007 1063 1070 pers
1094 987 1192 1072 longe
1225 989 1330 1055 maxi-

312 1129 367 1175 ma
399 1127 516 1174 uersus
549 1106 682 1172 uicenos
714 1105 862 1190 singulos
896 1105 1005 1171 habet.
1070 1104 1203 1173 Oatullo
1235 1129 1329 1192 prae·

312 1229 418 1312 posita
443 1234 495 1292 eet
521 1227 556 1292 in
584 1225 673 1292 foliis
700 1237 780 1284 1-V1'
811 1224 926 1292 Ouidii
953 1245 1038 1310 quae
1059 1225 1163 1292 femur
1184 1226 1327 1311 epistula

312 1345 468 1430 Sapphus
496 1345 640 1424 (heroid.
667 1353 740 1423 xv).
795 1345 830 1409 in
859 1344 938 1412 folio
965 1361 1027 1404 nm
1053 1345 1141 1410 nihil
1168 1346 1326 1430 scriptum

313 1477 443 1551 praeter
464 1464 621 1530 ultimum
636 1463 715 1529 libri
729 1464 902 1531 catullioni
917 1485 1050 1530 uersum
1065 1472 1100 1529 et
1114 1464 1326 1550 subscriptio·

311 1606 402 1664 nem,
436 1583 524 1650 unde
555 1583 713 1650 damnum
746 1603 832 1649 enno
866 1582 950 1648 1463
976 1591 1149 1650 exaratum
1171 1603 1243 1650 esso
1264 1585 1328 1649 sci·

311 1727 396 1772 mus.
439 1705 620 1788 imaginem
634 1703 816 1787 scripturae
830 1703 1033 1787 lithographi
1048 1709 1119 1768 arte
1139 1723 1328 1787 expressam

312 1823 385 1904 (sed
420 1843 486 1907 que
522 1830 617 1888 caute
652 1820 812 1888 utendum
849 1825 918 1904 esti
950 1821 1054 1887 edidit
1086 1821 1328 1888 GFroohnerns

311 1942 426 2027 philol.
449 1959 512 2000 ¹1111
541 1943 613 2008 569.
657 1941 768 2007 datani
789 1961 909 2007 manns
930 1943 1038 2026 prima
1060 1941 1138 2026 quid
1162 1943 1330 2026 scripserit

312 2065 442 2147 saepius
458 2061 654 2128 difficillime
669 2061 815 2147 dignosci
836 2070 952 2145 potest,
975 2081 1051 2128 oum
1074 2071 1271 2128 correctores
1287 2099 1328 2110 -—

312 2191 378 2248 tres
394 2183 570 2248 minimum
583 2182 726 2258 fuerunt,
748 2179 806 2246 sed
821 2179 942 2264 ubique
957 2182 1099 2266 singulis
1114 2203 1174 2248 sua
1185 2183 1329 2248 tribuere

311 2323 372 2368 nee
404 2303 483 2368 lieet
516 2322 575 2367 neo
606 2300 810 2385 prodest-
838 2301 945 2366 multa
975 2301 1138 2367 eradendo
1170 2301 1328 2368 mutando

311 2421 583 2508 superscribendo
604 2421 780 2505 pristinam
802 2421 999 2504 scripturam
1022 2422 1145 2486 mirum
1167 2405 1327 2504 quantum
1454 2405 1455 2452 ³

311 2543 566 2609 obscureuerint
625 2542 660 2606 in
695 2539 874 2625 appendice
906 2539 1071 2624 signifieat
1103 2541 1135 2605 D
1168 2540 1326 2606 lecticam

311 2663 436 2750 primae
457 2681 577 2726 manus
596 2681 616 2725 a
635 2659 873 2726 correctoribus
896 2659 946 2744 (cl)
968 2680 1032 2724 non
1055 2666 1249 2743 temptatas:
1271 2660 1327 2743 qni

311 2783 462 2865 quotiens
481 2779 603 2863 aliquid
618 2787 842 2858 mutauerunt,
865 2799 924 2863 pro
939 2778 972 2843 D
992 2785 1072 2845 neta
1086 2779 1133 2844 D'
1148 2779 1327 2846 substituta

310 2908 362 2966 est
394 2905 545 2965 accurate
576 2907 674 2964 notae
701 2897 722 2961 d
750 2899 907 2982 opposita
957 2905 1175 2964 conecterem
1207 2917 1326 2964 manus

310 3022 495 3087 discernere
518 3017 621 3084 sicubi
645 3039 726 3102 opus
749 3037 819 3084 esee
840 3015 1026 3096 uidebatur,
1051 3016 1138 3101 quod
1160 3017 1327 3082 rarissime

311 3141 436 3221 euenit,
470 3139 676 3226 significatus
704 3146 755 3203 eet
775 3137 904 3221 primus
925 3144 959 3204 et
981 3135 1144 3203 secundus
1165 3141 1327 3204 corrector

311 3268 389 3328 note
411 3259 448 3326 d²
469 3268 502 3325 et
523 3258 568 3324 di.

430 3384 482 3447 L:
526 3379 611 3444 liber
653 3377 734 3443 olim
777 3377 953 3444 Laurentii
997 3373 1166 3456 Sontenii,
1209 3373 1327 3442 deinde

311 3497 1325 3583 HFDieaii,nunoinbibliotheouregiaberolineneisignatns:

309 3625 372 3688 dfe.
398 3623 491 3687 Dior.
519 3622 560 3685 Β.
589 3620 677 3685 Sunt.
705 3619 767 3694 36,
795 3618 996 3695 chartaceus,
1025 3619 1132 3683 forma
1153 3615 1325 3693 octonaria,

310 3738 441 3804 saeculo
468 3754 509 3796 xv
537 3736 737 3803 nitidissimo
768 3738 927 3821 scriptus,
961 3737 1050 3803 foliis
1077 3735 1327 3820 quinquaginta,

310 3859 450 3946 paginae
478 3861 609 3924 tantum
635 3877 701 3924 non
724 3877 838 3922 omncs
860 3876 1018 3922 uemuum
1040 3855 1233 3924 nicenorum
1255 3853 1328 3940 qui·
