2970 4484
261 345 311 394 102
463 339 537 394 vm!
571 341 621 394 DE
638 341 797 394 CAESARE
814 341 861 394 ΕΤ
877 341 1110 396 causamme

258 528 477 595 proponamus
502 518 534 572 et
556 529 599 574 ex
619 507 768 574 carminis
789 511 949 576 sentsntia
970 509 1189 579 defendamus.
1233 536 1308 580 osn-

259 645 366 690 semus
387 623 487 711 igitur
508 621 671 692 Catullum
691 623 739 690 ita
760 625 924 712 scripsisse

455 799 537 841 auno
561 777 686 842 Gallias
706 782 825 843 limatam
846 790 872 842 et
892 777 1089 861 Bn'tanmne,

258 948 356 1014 quam
383 926 554 992 lectionem
584 927 691 994 sensui
721 949 817 1016 quem
843 939 1051 1017 expectamus
1081 929 1202 1017 optime
1227 931 1307 994 satis

257 1042 364 1110 faeere
398 1042 596 1109 confidimus.
643 1055 740 1133 poeta
772 1046 876 1129 enim,
907 1056 1021 1134 postea
1052 1068 1148 1134 quam
1180 1047 1255 1112 inde
1287 1071 1308 1112 a

256 1183 354 1227 uersu
377 1162 513 1249 septimo
535 1159 658 1226 deoimo
680 1161 880 1228 onumeravit
899 1185 1122 1252 quaecumque
1139 1161 1307 1229 Mamurra

257 1276 440 1366 dissipauit,
466 1300 563 1344 uersu
592 1276 750 1365 nigesimo
778 1300 850 1344 oum
874 1279 1030 1348 memoria
1050 1282 1209 1347 bonorum
1230 1279 1305 1346 olim

257 1395 481 1484 dissipatorum
508 1396 657 1460 timorem
684 1395 851 1463 coniunxit
880 1407 913 1464 et
943 1421 1016 1464 oum
1045 1399 1189 1466 maxims
1209 1396 1305 1464 animi

257 1512 471 1578 commotione
500 1513 657 1599 expressit
688 1535 752 1600 quo
783 1524 851 1579 tum
878 1537 988 1581 omnes
1018 1515 1094 1580 boni
1126 1515 1167 1581 de
1196 1515 1305 1583 Gallia

257 1640 290 1696 et
310 1629 481 1696 Britannia
502 1629 543 1695 ab
565 1627 679 1694 eodem
700 1629 754 1695 illo
778 1629 955 1718 expilandis
972 1631 1175 1699 tenebantur.
1212 1632 1304 1700 facile

255 1746 366 1814 uidero
384 1745 461 1813 licet
482 1769 579 1835 quam
601 1745 684 1812 bene
711 1747 845 1814 uoculae
875 1747 1081 1815 enumerandi
1102 1754 1213 1836 primo
1235 1799 1242 1814 .
1265 1799 1273 1814 .
1295 1797 1303 1813 .

255 1866 388 1931 seeundo
403 1912 435 1928 ..
457 1865 547 1929 tertia
563 1913 571 1930 .
589 1912 596 1928 .
615 1887 692 1930 nuuc
712 1887 748 1930 se
769 1867 933 1954 excipiant
956 1889 964 1930 :
985 1889 1081 1956 quem
1102 1867 1214 1954 pulcre
1236 1888 1303 1932 ora-

256 1983 312 2066 tio,
333 2002 415 2070 quae
439 1977 514 2046 inda
535 2005 555 2047 a
577 2003 672 2047 uersu
695 1983 733 2046 17
756 1985 886 2071 pessino
908 1983 1003 2049 modo
1022 1985 1113 2049 uerbi
1136 1985 1303 2068 (lancinata

254 2099 340 2182 aum)
370 2098 488 2180 utitur,
516 2096 644 2185 paasiuo
664 2097 765 2163 uerbo
786 2100 908 2164 timetur
935 2100 1140 2165 continuetur
1169 2125 1176 2163 :
1206 2123 1302 2188 quem

254 2215 349 2302 plane
378 2213 438 2280 hac
472 2212 695 2280 emendatione
730 2231 861 2304 recepta
894 2216 1127 2283 inconcinnitas
1164 2217 1303 2283 suitetur

257 2353 354 2420 quam
371 2354 525 2397 numerus
539 2330 670 2419 pluralis
684 2354 839 2420 personae
855 2331 1014 2400 secundae
1035 2333 1091 2420 (of.
1105 2333 1303 2400 Lachmanni

254 2448 391 2537 usupra
422 2447 462 2514 o.
492 2449 669 2516 Hermann
700 2419 818 2516 aneni
852 2447 942 2540 [ano
973 2451 1101 2518 salom
1138 2453 1247 2517 amem
1278 2463 1304 2516 a

253 2563 451 2654 Britanniae]
469 2564 727 2652 emendationes)
758 2590 796 2632 eo
825 2579 913 2633 orest
943 2567 1029 2657 quod
1064 2572 1096 2634 in
1125 2591 1222 2635 uersu
1257 2591 1301 2636 se

254 2684 366 2772 quenti
394 2683 528 2748 uerbum
557 2682 680 2770 plurale
707 2683 820 2770 fauetis
843 2683 883 2748 ad
907 2681 1080 2750 Gaesarem
1101 2685 1304 2774 Pompeium?

254 2821 318 2889 que
338 2821 443 2888 neque
465 2810 501 2864 ut
521 2799 574 2866 illa
595 2801 692 2865 timete
714 2811 746 2867 at
765 2802 874 2866 timetis
895 2799 937 2866 ad
961 2801 1101 2868 Galliam
1124 2812 1156 2868 et
1173 2803 1302 2868 Britan-

254 2916 340 2982 niam
359 2916 507 2983 refertur.
550 2915 666 2982 deinde
689 2940 781 2984 casus
802 2916 900 2983 dandi
926 2919 1105 3008 singulares
1128 2919 1251 2986 Gallias
1272 2929 1304 2983 et

254 3036 438 3100 Britanmoe
467 3034 604 3101 orationi
635 3036 763 3124 qualem
790 3035 1000 3102 formauimus
1031 3036 1151 3126 optime
1179 3037 1302 3104 adcom-

254 3152 428 3218 modantur
447 3175 455 3216 z
477 3152 632 3239 singulari
661 3153 745 3217 enim
777 3175 911 3218 numero
941 3175 1022 3244 opus
1051 3164 1119 3238 est,
1151 3157 1302 3244 quoniam

175 3273 178 3280 ’
254 3269 401 3338 Catullus
422 3268 455 3334 in
476 3291 572 3334 uersu
593 3277 708 3356 quarto
726 3269 881 3334 Comatam
899 3269 1037 3335 Galliam
1060 3281 1093 3334 et
1107 3271 1303 3336 Britanniam

253 3385 441 3454 nominauit.
484 3397 551 3451 tum
579 3386 620 3451 ab
647 3408 706 3451 usu
737 3386 892 3452 sermonis
913 3385 1023 3453 Latini
1046 3387 1227 3454 emendatio
1249 3389 1304 3453 illa

253 3504 330 3570 satis
351 3503 595 3570 commendatur
615 3526 623 3567 ε
646 3503 687 3569 of.
710 3501 834 3569 Lucani
856 3503 1045 3570 Pharsaliae
1066 3527 1108 3570 vn
1132 3505 1188 3570 131

352 3673 514 3738 adomim
535 3672 620 3738 diam
640 3675 698 3760 qul
715 3673 820 3757 fatrem
841 3674 932 3738 robus
953 3675 990 3739 s'rs
1010 3695 1118 3740 omum

352 3788 495 3855 conderet
514 3790 661 3856 lammis
681 3801 708 3856 ri
728 3793 843 3877 quaeri
861 3791 962 3858 Romu
980 3795 1052 3878 quid
1070 3805 1146 3860 asael

354 3909 402 3973 illo
423 3909 529 3972 Morta
547 3910 655 3992 pulum
676 3921 730 3990 sal,
751 3931 811 3974 suu
831 3913 952 3995 qsu’sque
966 3911 1109 3995 pericula
1130 3915 1219 3976 aare&
