2970 4484
298 373 375 428 vnn
410 373 460 427 DE
477 373 637 428 canem
654 373 701 426 tur
719 373 947 429 emaculatus
1098 377 1148 432 188

101 542 141 608 sd
161 540 285 610 Catulli
306 541 505 629 singularem
527 542 759 630 proprietatem
782 539 966 630 quandam,
997 563 1082 630 quae
1110 543 1151 612 sd

100 659 166 725 eius
186 657 314 747 poesim
331 656 572 725 diiudicandum
587 656 720 724 maximi
741 667 791 724 est
810 657 984 742 momenti,
1005 659 1149 726 animum

100 775 264 842 attendere
296 774 579 864 praetermisimus.
631 773 759 863 saepius
792 775 878 841 enim
907 773 995 842 illam
1027 775 1149 844 acerbi·

100 901 195 959 tatem
226 901 261 959 et
294 891 395 958 auimi
427 890 674 958 amaritudinem
707 891 1048 971 commemorauimus,
1084 913 1149 981 qua

102 1017 203 1076 metus
229 1009 402 1092 Catullus,
434 1030 507 1074 cum
539 1029 574 1074 se
602 1007 645 1074 ab
673 1009 777 1074 emico
807 1007 946 1096 quodam
968 1009 1021 1074 uel
1044 1009 1149 1076 amica

103 1123 270 1213 deceptum
291 1145 365 1192 esse
384 1131 578 1212 cognosset,
599 1144 667 1189 non
687 1133 753 1190 tam
775 1123 944 1212 aperlidis
965 1123 1149 1192 hominibus

105 1261 137 1307 se
161 1262 318 1310 reunwe
350 1261 528 1329 eorumque
552 1239 775 1308 infidelitatem
798 1240 890 1330 queri
910 1252 943 1308 et
963 1241 1149 1330 uituperare

104 1356 174 1422 satis
193 1357 326 1440 babuit,
354 1378 453 1444 quam
474 1365 641 1446 praeterea
661 1377 791 1446 operam
814 1356 902 1424 dedit
923 1368 960 1425 ut
979 1357 1055 1425 fidei
1077 1379 1149 1446 pro-

104 1473 211 1542 missae
241 1473 428 1562 proditores
467 1473 509 1541 de
547 1473 618 1540 aliis
650 1495 780 1563 quoque
810 1473 1009 1563 quibuslibet
1049 1475 1149 1542 rebus

103 1588 194 1678 idque
224 1612 342 1679 saepe,
364 1598 401 1656 ut
419 1589 564 1670 uidetur,
590 1589 618 1655 si
639 1611 703 1656 nou
725 1611 859 1679 prorsus
879 1591 1016 1673 iniuste,
1037 1600 1147 1658 tamen

103 1703 243 1773 iniustius
265 1705 470 1773 contumeliis
491 1705 708 1772 acerbissimis
721 1716 870 1796 carperet
883 1730 924 1774 ac
938 1707 1146 1774 deminuerct.

104 1831 295 1912 quapropter
312 1821 408 1888 sicuti
429 1821 463 1888 in
483 1820 648 1888 amoribus
669 1821 771 1889 iustos
792 1821 873 1889 fines
895 1821 1093 1907 sobrietatis,
1120 1823 1149 1890 si

103 1937 264 2024 quisunt,
293 1947 421 2027 poetam
443 1959 609 2026 egressum
631 1960 701 2006 esse
722 1962 821 2028 supra
847 1938 1002 2018 uidimus,
1036 1942 1083 2006 ita
1113 1939 1146 2006 in

102 2053 178 2120 ediis
198 2077 334 2146 quoque
356 2054 450 2143 plane
467 2054 681 2122 insatiabilem
703 2077 739 2121 se
753 2055 863 2142 gessit
906 2077 1019 2124 uerum
1040 2069 1149 2124 tamen

102 2169 227 2238 difficile
261 2193 330 2240 non
365 2181 415 2238 est
445 2170 488 2238 ad
517 2171 637 2239 Catulli
669 2181 820 2239 namnam
852 2183 885 2239 et
915 2195 1021 2240 mores
1048 2175 1148 2263 respi-

102 2285 191 2354 cienti
224 2287 313 2357 illius
351 2287 574 2356 amaritudinis
610 2311 740 2356 caussas
775 2287 946 2378 explicare
1000 2289 1148 2358 Catullus

99 2403 181 2478 suini
208 2405 309 2474 animi
338 2404 478 2472 candore
504 2416 572 2474 mm
599 2403 737 2494 simplici
765 2415 799 2471 et
819 2407 1008 2494 incorrupto
1028 2405 1089 2473 fuit
1111 2418 1148 2475 ut

103 2519 140 2586 de
156 2521 278 2591 insidiis
299 2532 334 2590 et
354 2521 496 2610 perfidiis
517 2523 551 2588 in
571 2520 721 2589 amicitiis
743 2522 797 2590 uel
818 2522 981 2590 amoribus
1003 2524 1147 2592 commit-

104 2637 201 2705 tendis
219 2663 261 2708 ne
283 2639 445 2728 cogitaret
464 2638 605 2727 quidem.
647 2639 721 2704 ideo
751 2637 880 2726 saepius
908 2639 1027 2708 accidit
1047 2650 1084 2707 ut
1104 2643 1146 2710 ab
1174 2616 1186 2631 ’

106 2753 146 2820 eis
174 2777 255 2846 quos
283 2767 322 2824 ut
348 2755 431 2823 fidos
459 2755 580 2823 amicos
608 2755 679 2823 sine
710 2754 777 2822 nlla
810 2755 1083 2843 tergium-satione
1113 2757 1146 2823 in

106 2869 268 2940 amicitiam
302 2873 439 2942 candide
464 2881 648 2961 receperat,
682 2872 906 2940 fraudulenter
935 2873 1146 2964 deciperetur.

107 2987 184 3072 quud
197 2991 348 3081 quotiens
361 2991 553 3074 factumest,
568 2989 688 3058 totiens
700 2999 795 3079 poeta
810 3012 875 3079 quo
890 2991 995 3078 magis
1010 2990 1145 3078 sepium

107 3111 136 3166 et
161 3109 299 3191 probum
329 3107 364 3172 in
394 3105 465 3174 illos
495 3129 529 3172 se
562 3106 701 3194 gessisse
729 3105 876 3173 conscius
904 3107 965 3176 sibi
992 3105 1054 3174 tuit
1066 3155 1075 3189 ,
1107 3129 1146 3174 eo

107 3217 321 3290 uehementius
342 3233 376 3289 ct
396 3223 524 3289 saeuius
536 3270 546 3305 ,
568 3221 594 3288 si
616 3223 657 3290 de
677 3221 803 3290 illorum
831 3224 977 3312 nequitia
1003 3233 1092 3290 recte
1114 3232 1147 3290 at

107 3333 192 3420 plene
211 3338 272 3407 sibi
294 3349 518 3429 persuaserat,
538 3339 588 3406 ira
610 3349 644 3406 et
664 3339 738 3406 odie
759 3339 910 3408 incensus
928 3339 1062 3408 iniurias
1084 3341 1145 3408 sibi

106 3445 211 3520 blaa·
224 3456 338 3524 ulcisci
353 3454 487 3524 studuit.
529 3454 631 3522 ueluti
646 3455 764 3523 acerba
779 3452 882 3523 (laelii
897 3456 974 3523 Rufi
988 3456 1145 3546 perfidiae

108 3563 295 3640 incantos
316 3591 432 3640 anuo
454 3571 692 3662 uituperatione
713 3553 861 3641 Catuilris
889 3595 954 3638 non
974 3585 1146 3642 contentus

108 3679 225 3775 iusuper
246 3689 390 3756 carmina
412 3707 524 3756 vaurr
546 3698 580 3757 et
602 3707 689 3756 uvrrn
711 3687 853 3754 confecit
874 3686 992 3776 quibus
1014 3699 1146 3778 propter

109 3819 155 3868 res
184 3827 203 3872 a
236 3805 373 3894 perfidia
408 3805 467 3872 illa
501 3805 716 3874 alienissimae
753 3801 889 3873 eundem
924 3804 1147 3874 insectaretur.

110 3917 211 3990 ωᾶοω
230 3922 355 3992 ratione
376 3923 410 3990 iu
442 3921 583 3991 Gellium
610 3932 709 4010 pcets
738 3921 915 4010 sogessit,
946 3943 1043 4011 quem
1072 3943 1146 3988 cum
