2884 4498
409 327 450 380 m
485 329 532 380 ne
549 327 581 380 a.
599 326 731 381 nrcmro
748 327 865 380 canvo
1116 329 1165 382 aee
1276 309 1280 318 '

131 499 277 582 quaedam
298 507 325 559 et
343 498 397 561 toa
418 497 512 582 quari
530 494 671 560 Gemitus
691 508 744 560 aut
766 495 892 560 Caluua
934 502 1103 580 praeterea
1123 496 1164 562 cl.

130 610 268 678 Sentium
291 611 494 698 Augurinum
515 612 601 698 apud
624 610 762 678 eundem
781 610 918 676 Plinium
940 611 1031 698 epist.
1053 635 1091 678 uu
1113 611 1164 676 27.

130 728 257 817 denique
289 728 434 795 Gellium
464 728 606 794 noctium
634 729 816 796 Atticarum
844 749 930 793 xvuu
959 727 980 792 9
1007 727 1025 790 Ἰ
1058 726 1164 810 adeas,

130 847 178 932 qui
197 845 275 911 haec
297 845 396 911 habet
413 869 425 930 ¹r
445 867 537 930 caepe
557 869 625 910 eam
645 844 906 929 percontabantur
929 846 1001 930 quid
1020 844 1059 910 de
1079 847 1164 910 Aao-

128 975 235 1028 rrroute
254 964 423 1050 carrisque
444 962 482 1028 id
498 985 597 1052 perure
616 965 714 1049 poetis
739 968 859 1028 sentiret
880 975 907 1026 et
928 963 1032 1049 ecquis
1051 973 1164 1028 nostra

128 1102 190 1144 ram
203 1093 365 1166 pedorum
383 1093 446 1144 tam
460 1081 586 1164 fluorum
600 1084 770 1146 camalam
784 1081 902 1144 delia'as
921 1077 1073 1165 fecr'aeet?
1097 1072 1168 1144 ‘aira'

129 1191 277 1278 mrata’,
298 1199 450 1284 aqueum,
476 1192 567 1282 ‘forte
589 1219 696 1284 pauca
725 1208 753 1260 et
774 1195 889 1262 Caluus
914 1197 1010 1260 utilem
1036 1189 1164 1281 pauoc’.

124 1335 189 1378 aaa
209 1314 351 1380 Lcaaaa
376 1315 530 1399 inplicata
559 1326 587 1378 et
612 1313 799 1378 Halanorus
828 1313 1038 1378 inamaricat
1061 1312 1164 1378 Oiaaa

126 1430 255 1516 irdepu'da
276 1443 305 1496 at
326 1432 493 1496 Memmia
515 1430 598 1496 dura
618 1453 656 1496 aa
677 1429 822 1514 &inceps
842 1451 945 1495 amaea
965 1430 1056 1493 medea
1076 1428 1163 1512 fece-

126 1559 189 1612 ruut
213 1561 304 1635 atquc
330 1547 455 1612 adeona.
498 1555 639 1612 ceterum
663 1544 809 1613 Catullus
831 1545 970 1632 palmam
991 1545 1097 1631 poesis
1117 1547 1164 1612 la·

125 1659 180 1727 uile
199 1664 378 1752 praeripuit
399 1662 521 1746 Caluo,
551 1663 606 1750 qui
628 1683 761 1749 operam
782 1661 1028 1739 intentissimam
1051 1661 1165 1728 oratio-

125 1779 211 1844 mlrus
252 1779 424 1867 diligenter
467 1778 672 1846 elaborandis
719 1777 816 1845 dedit.
880 1776 1016 1863 ideoque
1058 1789 1166 1844 orator

125 1896 289 1962 maximam
312 1897 430 1962 famem
453 1895 588 1982 adeptus
611 1904 659 1960 est
680 1893 844 1978 (Ciceron.
867 1893 995 1982 epistol.
1017 1917 1061 1960 xv
1082 1894 1121 1958 21
1144 1895 1165 1960 4

126 2011 239 2078 Valerii
273 2013 363 2079 Max.
397 2013 666 2080 memoraturus
699 2011 739 2076 12
771 2013 790 2078 7
831 2013 935 2080 Vellei
965 2012 1040 2078 hist.
1071 2035 1090 2076 u
1124 2011 1165 2076 36

126 2127 313 2207 Quintiliani
342 2130 443 2197 instit.
465 2153 488 2194 x
517 2132 533 2194 1
562 2131 622 2195 115
663 2128 768 2194 Taciti
799 2129 872 2195 dial.
902 2129 943 2195 de
971 2130 1163 2197 orat215.

124 2244 162 2312 25
186 2251 215 2312 3.
250 2249 293 2313 34
319 2247 372 2331 5),
404 2248 597 2314 carminibus
629 2258 737 2315 autem
768 2247 948 2336 pangendis
984 2247 1045 2312 nisi
1076 2246 1164 2312 horis

125 2363 285 2430 subsiciuia
314 2386 379 2429 non
401 2364 547 2431 uacabat.
590 2365 685 2452 plura
711 2364 751 2430 de
774 2362 876 2431 Caluo
897 2363 1103 2431 Weichertus
1125 2363 1165 2430 de

124 2480 259 2570 reliquiis
287 2490 375 2568 poet.
403 2481 474 2547 Lat.
504 2504 536 2569 p.
561 2481 718 2546 88-146
747 2491 779 2547 et
810 2479 992 2546 Ellendtiue
1029 2480 1062 2544 in
1093 2501 1164 2566 pro-

123 2593 293 2682 legomenis
314 2597 355 2664 ad
376 2597 513 2664 Brutum
536 2622 566 2686 p.
589 2617 832 2666 curru—cxxiv
853 2605 1081 2684 exposuerunt.

198 2713 246 2782 Ut
277 2715 342 2781 iam
371 2716 412 2782 ed
443 2717 621 2782 carminum
655 2737 738 2802 quae
768 2713 809 2781 ad
841 2714 979 2782 Caluum
1015 2711 1163 2780 Catullus

124 2831 244 2918 scripsit
258 2833 558 2920 interpretationem
571 2831 751 2914 ueniamus,
767 2829 841 2898 ilico
858 2852 899 2896 ex
914 2853 952 2898 ec
975 2828 1116 2898 carmine
1130 2831 1163 2896 in

124 2948 204 3034 quod
224 2947 373 3015 ordinem
393 2950 569 3014 carminum
588 2949 757 3037 uulgarem
772 2959 943 3035 sequentes
957 2949 1097 3035 primum
1117 2948 1162 3015 in·

123 3065 273 3130 currimus
288 3063 427 3133 Caluum
442 3065 549 3132 animo
566 3064 606 3132 ad
623 3065 792 3132 iocandum
807 3065 1045 3153 promptissimo
1065 3065 1163 3132 fuisse

122 3179 209 3264 plene
229 3202 428 3268 cognoscere
448 3181 534 3247 licet.
576 3182 691 3250 diebus
712 3181 802 3248 festis
823 3179 1080 3250 Suttunaliorum
1099 3181 1163 3250 Ro

122 3317 189 3362 mae
207 3297 384 3365 familiares
404 3297 614 3367 familiaribus
635 3297 729 3364 amici
750 3297 859 3365 amicis
874 3299 1064 3366 munuscula
1081 3298 1163 3365 uarii

122 3417 244 3498 generis
266 3415 504 3482 beniuolentiae
524 3415 693 3482 testandae
712 3437 825 3482 caussa
847 3417 975 3481 mittere
992 3416 1163 3483 solebant:

122 3552 254 3617 quorum
281 3533 313 3596 in
343 3553 477 3597 numero
505 3531 605 3598 libros
633 3553 761 3619 quoque
781 3531 879 3598 fuisse
900 3541 937 3597 ut
957 3553 1017 3618 per
1036 3555 1071 3599 se
1094 3532 1164 3598 ueri

122 3642 217 3714 simile
239 3660 308 3731 eat,
335 3650 400 3729 ita,
429 3659 465 3713 ut
491 3647 553 3713 alia
581 3647 743 3730 omittam,
771 3647 929 3714 Martialis
952 3647 1162 3735 epigramma·

122 3773 185 3828 tum
218 3789 239 3830 v
269 3765 308 3829 18
356 3787 422 3831 xuu
454 3764 631 3830 184-196
663 3765 813 3830 adcurate
841 3764 1071 3832 demonstrant.
1114 3765 1162 3830 his

121 3878 218 3967 igitur
250 3857 365 3950 diebus
394 3903 467 3946 oum
493 3907 513 3948 a
541 3881 657 3948 cliente
684 3881 824 3969 quodam
853 3883 964 3964 doctu,
994 3881 1086 3952 Sulla
1113 3882 1163 3947 lit·
