2970 4484
293 321 344 370 m
546 315 572 368 X
605 315 653 368 DE
672 315 851 370 valramo
868 315 915 368 ΕΤ
932 315 1097 368 eremo

293 492 410 572 sponte
431 479 651 570 intellegetur,
673 482 699 546 ei
723 482 791 547 eius
806 503 963 548 summam
981 481 1124 547 breuiter
1138 481 1349 568 excripserat

297 601 408 666 Gaetu
436 621 558 664 carmen
590 621 643 665 ιιιιι
674 601 842 686 satyricam
874 622 935 664 esse
967 622 1005 664 aa
1035 601 1168 664 ιὀοοιιιιιι
1198 597 1253 664 ael
1279 603 1348 664 aare

295 717 448 783 Martiale
468 717 644 802 e'atellepere
661 727 793 802 paterae
836 715 921 782 docet
939 722 1039 801 ipsum
1053 716 1200 782 sarmaria
1213 714 1345 781 irre'tr'rsm.

295 836 380 899 dccet
400 836 468 899 dies
489 835 675 900 imcitatmaia
701 835 853 918 predictae
874 835 918 898 ad
937 832 1081 897 Graecae
1101 833 1219 898 seilicet
1238 831 1345 898 kalen·
1472 921 1476 930 Ι

296 950 366 1018 dae.
410 954 495 1016 dora
520 950 659 1035 formala
688 945 732 1015 ‘er'
755 950 810 1014 rut
835 950 870 1015 ds·
893 945 1022 1034 fauent',
1054 950 1111 1014 loc
1139 962 1202 1032 cat,
1230 942 1272 1014 ‘et'
1294 947 1345 1014 dia

290 1061 398 1156 placet'
417 1067 475 1150 uel,
496 1079 531 1132 at
549 1066 597 1133 ad
615 1079 748 1133 mamm
763 1091 876 1133 morem
892 1067 1013 1132 Graeci
1029 1089 1144 1153 praeque
1165 1065 1344 1150 scribebant,

295 1179 326 1248 sl
348 1182 473 1266 δαίμων
494 1178 616 1267 ἐθέλοι,
646 1185 753 1251 docem
772 1185 900 1270 reliqua
942 1185 1092 1250 emtam
1112 1185 1206 1272 ἰριῖιιι
1226 1183 1273 1248 ad
1293 1205 1343 1248 ce·

294 1323 364 1366 nam
394 1323 415 1366 a
444 1299 577 1366 Fabulle
607 1299 742 1366 Catullus
769 1301 845 1366 πιἸιίΖ
867 1300 945 1387 fere
975 1303 1128 1366 rettulerat
1157 1300 1225 1366 aiei
1251 1312 1346 1385 caper

291 1422 417 1482 mutas.
459 1429 491 1481 ut
511 1429 714 1482 remzmeretar
735 1441 804 1482 eam
832 1441 926 1504 qaam
946 1417 1103 1483 simillimo
1124 1439 1261 1496 manere,
1296 1417 1343 1482 ui-

294 1535 399 1600 et'aer'm
426 1534 591 1600 Fabullum
622 1535 734 1600 innuat
762 1537 807 1600 ad
833 1559 953 1618 ceream,
980 1557 1082 1620 parrae
1110 1535 1263 1611 da'eertm,
1288 1557 1343 1599 aa·

292 1651 487 1740 quentariam
522 1674 560 1716 ea
591 1653 759 1718 canditatus
787 1675 881 1739 qaam
911 1653 1000 1717 nesti.
1057 1650 1237 1716 Martialem
1269 1671 1342 1716 eum

294 1766 485 1846 nominaret,
507 1769 695 1834 Huschkius
716 1768 800 1833 illius
822 1768 1022 1857 epigramma
1046 1767 1120 1833 libri
1140 1789 1171 1832 ιιι
1194 1765 1342 1832 duodeci-

294 1907 398 1966 mum,
427 1884 514 1973 quod
541 1885 605 1950 iam
631 1885 779 1952 Muretus
807 1886 848 1951 ad
876 1907 1004 1951 carmen
1035 1883 1154 1952 Catulli
1183 1883 1342 1971 ascripsit,

293 1999 489 2090 significauit
523 2021 587 2090 quo
619 2009 715 2088 poeta
746 2000 954 2067 Bilbilitanus
984 1999 1146 2066 hominem
1179 1997 1341 2087 quendam

294 2127 534 2205 unguentorum
563 2118 692 2206 quidem
723 2119 755 2182 in
790 2141 870 2184 cene
896 2117 1068 2206 prodigum
1097 2137 1231 2204 parcum
1262 2135 1340 2180 uero
1475 2167 1476 2206 3

294 2232 436 2298 ciborum
468 2231 514 2298 ita
543 2231 648 2298 inrisit
678 2241 714 2300 ut
745 2233 786 2298 ad
823 2234 884 2298 hoc
916 2234 1022 2321 ipsum
1056 2231 1176 2301 Catulli
1210 2255 1339 2298 carmen
1471 2305 1475 2317 1

293 2349 401 2436 (euius
423 2350 562 2437 primum
583 2371 714 2438 quoque
729 2372 859 2417 uersum
880 2351 913 2416 in
935 2352 1202 2438 epigrammatum
1217 2350 1338 2416 11521

292 2467 436 2533 imitatus
471 2469 550 2552 est),
591 2467 623 2534 in
656 2489 720 2554 quo
754 2479 787 2533 et
817 2467 885 2555 ipso
917 2465 957 2534 de
994 2477 1160 2554 unguento
1196 2468 1338 2534 ciborum

293 2582 414 2648 uicaria
443 2605 549 2650 sermo
578 2594 644 2667 est,
672 2583 846 2672 respiciens
872 2585 901 2649 ei
928 2584 1045 2652 falsum
1067 2583 1196 2652 Fabulli
1222 2605 1339 2652 nomen
1474 2617 1475 2633 ι

292 2699 427 2767 inderet.
449 2729 451 2733 ·
470 2712 659 2790 conceptum
682 2703 768 2767 enim
791 2711 839 2767 est
860 2700 1006 2766 uersibus
1027 2703 1114 2768 hisee
1137 2726 1145 2766 :

500 2819 702 2908 Vnpuentam
722 2819 835 2904 fateor,
858 2819 965 2886 benum
987 2820 1103 2885 dedsetr'

492 2941 626 3002 contrait
645 2940 724 3020 ltere,
746 2940 801 3002 esd
819 2937 895 3002 ηίΙιιἸ
913 2939 1039 3004 scr'dieti.

493 3075 545 3118 rer
564 3053 645 3118 salsa
666 3064 711 3119 eet
731 3054 804 3119 berre
823 3053 905 3119 olere
924 3066 953 3119 et
973 3054 1096 3118 esurire

489 3170 550 3256 qai
563 3193 622 3236 non
642 3181 728 3235 canat
748 3183 777 3234 at
793 3173 930 3256 ιιιιφῖιιι,
952 3169 1089 3247 Fabulle,

490 3285 542 3351 tta
562 3307 635 3350 uere
654 3285 730 3350 mets·
748 3297 877 3352 mauce
895 3287 1026 3351 uramur.

373 3397 448 3480 Qua
476 3410 623 3488 tempore
646 3401 830 3468 Verennius
861 3413 895 3469 et
920 3401 1078 3469 Fabullus
1113 3423 1154 3467 ex
1180 3399 1338 3488 Hispania

290 3512 444 3582 redierint
475 3517 630 3584 adcurate
658 3516 785 3586 definiri
818 3519 930 3608 nequit
959 3541 966 3583 :
998 3531 1106 3586 tamen
1137 3516 1212 3585 inde
1241 3516 1338 3606 quod,
1473 3535 1474 3550 *

293 3653 366 3696 eum
387 3630 535 3701 Catullus
556 3656 685 3700 carmen
707 3659 762 3702 xm
785 3635 927 3724 scripsit,
948 3637 1016 3701 eius
1039 3647 1071 3702 et
1091 3635 1229 3702 Lesbiae
1250 3656 1339 3702 amer

292 3771 358 3814 non
391 3749 465 3816 dum
496 3751 671 3820 dissolutus
703 3761 773 3818 eret
805 3755 863 3836 (cf.
898 3775 1025 3818 uersum
1062 3753 1266 3821 undecimum
1306 3761 1339 3820 et

292 3877 464 3954 sequentes
