2970 4484
397 365 449 420 ΧΠ
484 367 655 443 DEsslNM
675 366 876 422 scaranem
894 366 1048 422 rsuvslo
1200 365 1249 416 107

302 555 409 600 aarum
429 546 531 600 utrum
551 533 642 600 a'lls'aa
662 556 706 598 oa
726 534 795 616 mei,
815 531 896 620 quid
914 531 961 600 od
979 538 1053 598 uae?

301 663 370 716 utor
391 663 453 716 tom
473 651 546 716 oea
566 674 661 738 pacm
680 649 761 716 milti
776 654 926 735 ponam.

203 821 269 889 quo
293 821 335 865 ex
355 799 425 867 loco
439 799 603 887 Hauptins
625 798 816 889 (quaestion.
831 796 949 867 catull.
966 821 997 886 p.
1015 797 1088 883 100)
1110 797 1249 866 Cinnam

203 915 297 983 amul
318 937 391 982 cum
415 913 544 984 Catullo
566 917 650 982 inter
672 916 804 983 comites
826 915 870 984 G.
885 915 1029 982 Memmii
1047 914 1080 979 in
1095 913 1250 1002 Bithynia

202 1034 304 1100 fnisse
321 1033 443 1121 optimo
458 1034 528 1098 inre
539 1033 679 1121 conlegit
693 1033 748 1118 (cf.
765 1055 863 1123 supra
878 1056 908 1121 p.
925 1033 1010 1118 163).
1032 1032 1116 1099 idem
1131 1041 1249 1116 umen,

203 1151 326 1216 utiam
348 1148 498 1238 Scaliger
518 1149 677 1216 intellexit
699 1151 753 1234 (cf.
775 1153 873 1217 otiam
893 1149 1086 1216 Merkel'mm
1113 1150 1155 1217 ad
1174 1149 1249 1218 Ibin

202 1287 236 1354 p.
258 1265 351 1351 365),
373 1266 469 1332 etiam
494 1287 534 1332 ex
557 1263 683 1334 Cinnae
704 1267 804 1354 ipsius
826 1266 973 1332 uersibus
995 1276 1157 1356 quattuor,
1180 1268 1247 1356 qui·

203 1381 265 1448 bus
297 1382 401 1448 amico
429 1381 553 1448 cuidam
582 1383 674 1449 Arati
706 1383 928 1470 phaenomena
959 1383 1043 1450 dono
1071 1385 1174 1468 misit,
1207 1384 1249 1451 ab

202 1497 330 1564 Isidoro
360 1497 455 1586 (orig.
478 1519 509 1564 vr
534 1498 581 1564 12,
596 1498 636 1565 de
661 1499 733 1566 libr.
757 1499 870 1566 confic.
892 1521 921 1583 p.
944 1500 1021 1585 960)
1043 1500 1178 1566 seruatis
1201 1501 1248 1586 (in

202 1613 382 1680 Burmanni
402 1614 504 1681 Anth.
526 1613 599 1681 Lat.
622 1615 725 1682 11251
749 1615 835 1704 apud
849 1615 1020 1702 Meyernm
1042 1617 1082 1684 76
1103 1619 1137 1683 in
1159 1615 1249 1685 Wei-

204 1731 306 1798 cberti
327 1731 417 1819 reliq.
439 1752 469 1819 p.
493 1731 566 1814 194)
589 1730 737 1798 concludi
757 1742 870 1820 potest
912 1743 987 1799 sunt
1008 1735 1093 1799 enim
1115 1733 1177 1800 hi:

353 1899 441 1966 Haec
462 1901 512 1966 eti
530 1901 659 1966 Arateis
680 1903 802 1967 multam
823 1903 952 1988 capilum
973 1903 1102 1968 lucernis

403 1999 555 2097 carmina,
577 2023 643 2105 quic
664 2021 751 2103 space
770 2024 907 2086 noubuue
927 2020 1087 2104 coloniae,

354 2133 435 2200 leco
455 2135 490 2200 in
512 2134 635 2202 aridulo
655 2139 777 2201 molitae
797 2137 954 2222 descripta
975 2137 1074 2203 libello

402 2252 608 2318 Pausiaca
628 2253 707 2316 acci
724 2274 847 2317 munero
866 2256 1069 2319 nauicula.

202 2429 370 2506 praetcrea
389 2416 422 2482 in
444 2417 585 2484 carmine
607 2437 745 2485 Lxxxxv
765 2417 901 2506 Zopyrun
921 2423 984 2486 mei
1002 2419 1122 2486 (lionae
1142 2445 1249 2488 numm

198 2548 268 2622 poet
288 2535 420 2623 danique
440 2557 567 2600 messem
584 2532 709 2601 Cinnae
729 2557 868 2618 carmen,
891 2537 942 2603 cui
956 2537 1118 2625 Zmyrnae
1133 2559 1248 2604 nomen

202 2662 290 2735 erat,
323 2673 495 2742 operosum
526 2661 559 2718 et
591 2651 705 2740 putida
739 2652 909 2742 diligentie
945 2653 1156 2744 doctrinaque
1191 2677 1249 2742 per

201 2791 318 2836 nouem
347 2791 448 2836 annos
475 2769 729 2858 conglutinatum
757 2770 812 2854 (cl.
839 2770 936 2838 etiam
966 2770 1103 2851 Quintil.
1132 2794 1156 2837 x
1181 2771 1250 2837 44

202 2885 387 2974 Philargyr.
418 2897 451 2952 et
478 2883 572 2954 Seru.
602 2885 643 2952 ad
665 2886 768 2975 Vcrg.
797 2887 855 2953 cel.
878 2888 898 2952 9
926 2888 968 2956 35
996 2898 1028 2955 et
1057 2888 1249 2956 scholiastae

201 3001 375 3069 Horatiani
390 3003 430 3070 ad
442 3011 502 3069 art.
513 3013 601 3093 poet.
611 3005 688 3092 388)
695 3005 844 3072 laudibus
859 3008 990 3072 summis
1003 3005 1148 3073 Catullus
1159 3029 1249 3094 prae·

203 3119 330 3186 dicauit
363 3119 396 3186 in
406 3121 468 3186 hoc
479 3122 621 3188 carmine
629 3141 769 3190 Lxxxxv
784 3122 978 3211 explicando
999 3132 1032 3189 et
1046 3122 1247 3190 emendando

201 3257 274 3302 cum
304 3257 417 3304 omnes
447 3237 641 3326 interpretes
672 3250 740 3306 tum
774 3262 879 3329 nuper
908 3239 1072 3307 Robertua
1094 3241 1247 3328 Vngcrus

202 3353 235 3418 in
265 3363 506 3441 programmate
539 3355 701 3442 gymnasii
730 3355 1007 3423 Friedlandiensis
1035 3358 1075 3423 de
1104 3357 1247 3425 Tanusia

202 3468 352 3554 Gemino,
367 3473 454 3560 quod
469 3471 557 3538 Noui
569 3469 818 3561 Brandenburgi
836 3497 920 3540 anno
936 3475 1016 3542 1855
1030 3473 1140 3557 edidit,
1153 3477 1247 3541 uehe

200 3597 325 3654 menter
358 3586 537 3654 desudauit.
590 3589 646 3677 qui
677 3611 872 3679 quamquam
905 3593 1054 3658 mendum
1086 3592 1247 3680 quoddam

201 3703 352 3770 carminis
374 3715 462 3770 recta
483 3706 649 3794 adgnouit‚
671 3717 779 3772 mmen
800 3708 833 3775 id
855 3718 1026 3776 sanaturus
1041 3710 1122 3776 mira
1140 3709 1248 3778 iudicii

200 3820 415 3911 peruersitate
453 3823 602 3890 saductus
640 3822 840 3890 incredibilia
875 3827 1041 3914 praecepit
1078 3837 1247 3915 totumque

200 3961 330 4007 carmen
352 3939 477 4028 perdito
498 3941 648 4028 corrupit.
692 3940 778 4029 quod
801 3965 875 4009 cum
889 3944 972 4028 dico,
993 3967 1100 4034 neque
1120 3953 1246 4012 mutum
