2970 4484
387 327 463 380 vm}
496 327 547 380 DE
565 325 723 382 CAESARE
739 327 786 380 ΕΦ
804 325 1036 380 causamme
1188 327 1237 378 att

191 495 316 564 sudatus
336 495 469 583 prioris,
498 515 595 582 quem
615 494 649 560 in
670 495 730 560 bac
749 515 784 560 re
804 491 963 560 nominari
988 489 1142 558 orationis
1164 513 1238 558 con-

191 610 329 680 cinnitas
350 611 508 700 quaedam
531 611 793 694 commendabat,
819 609 1013 676 mentionem
1033 617 1237 676 recusantem

191 729 348 796 adcurate
368 729 522 817 temporis
544 727 729 796 definitione
749 728 797 794 uti
817 727 969 793 maluisse
990 735 1179 794 statuamus.

274 845 322 912 At
353 844 417 910 iam
446 865 533 910 noua
564 843 710 933 quaestio
739 843 832 912 uobis
866 843 1020 910 exoritur.
1071 841 1237 933 quaeritur

192 961 278 1030 enim
298 983 376 1028 num
396 960 506 1028 Mucia
527 961 608 1028 adeo
630 984 650 1027 a
673 961 794 1028 uirtute
822 970 854 1028 ot
882 960 1030 1027 castitate
1056 968 1237 1026 matronam

191 1080 328 1147 decente
375 1076 546 1145 desciuerit
597 1087 634 1144 ut
669 1077 839 1144 distichum
878 1075 1119 1165 epigrammatis
1161 1093 1239 1142 exin

191 1197 329 1264 alterum
361 1195 401 1262 de
433 1194 584 1262 adulteris
621 1194 789 1282 permultis
821 1215 903 1282 quos
936 1192 977 1259 ad
1013 1215 1049 1258 ee
1082 1191 1237 1260 adlexsrit

189 1313 263 1380 inre
290 1335 329 1380 ac
355 1313 471 1380 marito
496 1312 530 1376 in
559 1333 630 1378 sam
657 1310 777 1378 dictum
808 1333 880 1378 esse
908 1309 1040 1377 credere
1068 1309 1236 1397 possimus.

190 1429 249 1498 sed
269 1429 415 1517 longiore
430 1427 654 1517 disquisitione
672 1429 729 1494 uix
751 1449 832 1516 opus
853 1439 912 1496 ast.
953 1428 1130 1510 mulierem,
1153 1447 1237 1515 quaa

190 1568 230 1614 eo
258 1544 466 1634 inpudicitiae
494 1545 591 1610 semel
619 1545 775 1632 processit
801 1555 837 1611 ut
864 1544 959 1612 fidem
982 1545 1052 1613 uiro
1075 1543 1237 1611 addictam

190 1661 349 1732 adulterio
370 1662 448 1729 satis
469 1663 575 1749 palam
596 1661 744 1728 instituto
766 1662 900 1729 sceleste
922 1661 1074 1744 uiolaret,
1104 1683 1170 1726 non
1191 1661 1236 1726 iu·

189 1779 370 1846 dicabimus
397 1780 439 1846 ab
459 1779 606 1846 iterando
627 1779 738 1846 eodem
759 1779 882 1866 flagitio
903 1777 1126 1845 abstinuisse:
1146 1799 1237 1866 prae·

189 1897 301 1964 sertim
324 1917 396 1962 cum
418 1918 457 1962 ea
478 1919 498 1962 a
518 1895 675 1983 Pompeio
696 1895 865 1984 repudiata
884 1894 930 1962 Μ.
945 1895 1085 1962 Aemilio
1102 1893 1236 1975 Scauro,

189 2015 261 2082 uiro
294 2024 327 2080 et
355 2014 417 2102 ipsi
444 2013 554 2079 multis
582 2011 765 2078 nominibus
794 2013 980 2100 inquinato,
1011 2013 1175 2102 nupsisset
1205 2019 1238 2076 et

188 2131 388 2218 temporibus
418 2129 545 2196 uiueret
584 2127 851 2217 corruptissimis,
888 2129 1005 2217 quibus
1039 2129 1237 2198 matrimonii

188 2248 343 2314 sanctitas
358 2247 489 2336 alonge
508 2247 653 2335 plurimis
675 2246 857 2313 hominibus
872 2239 1109 2334 despiciebatur
1129 2269 1137 2312 r
1160 2268 1236 2336 qua-

186 2373 323 2454 propter
349 2366 401 2431 uel
431 2363 499 2430 sine
528 2364 718 2431 testimoniis
739 2363 902 2430 adcuratis
923 2363 965 2430 de
985 2373 1115 2430 nostrae
1138 2365 1236 2450 expli·

188 2480 326 2546 cationis
341 2480 476 2547 cantate
490 2503 555 2547 non
571 2480 798 2547 dubitaremus
842 2491 875 2546 at
893 2489 1002 2546 tamen
1017 2480 1236 2547 testimonium

187 2599 317 2684 insigne
338 2606 465 2685 praesto
488 2617 556 2662 esse
578 2595 706 2663 uidetur
728 2618 792 2684 quo
808 2596 887 2663 illud
910 2595 996 2685 quod
1015 2596 1236 2663 ratiocinando

187 2713 404 2780 conclusimus
438 2713 549 2802 pulcre
575 2713 792 2779 confirmatur.
847 2712 996 2780 Valerius
1027 2713 1111 2780 enim
1133 2713 1236 2781 Maxi-

187 2853 261 2898 mus
289 2830 546 2898 memorabilium
566 2853 632 2897 vuu
655 2831 672 2894 l
694 2830 714 2895 8
735 2829 816 2898 baec
842 2840 981 2898 narrat:
1002 2855 1097 2918 oeque
1118 2833 1235 2918 flagiti·

186 2971 273 3014 mum
301 2947 380 3014 dlud
406 2949 584 3014 conuiuium
610 2948 695 3034 quod
715 2947 884 3032 emetur,
913 2949 1098 3015 tribunicius
1124 2951 1235 3031 uiator,

185 3066 312 3155 myraei
330 3065 490 3154 conprimi
511 3064 569 3130 sed
588 3065 693 3151 offis-ri
710 3067 794 3132 intro
814 3065 954 3131 aarum
974 3065 1110 3132 tabitam
1132 3065 1237 3151 upto-

186 3181 268 3265 oss'a,
295 3181 417 3248 Metello
437 3181 580 3268 Scepsim
605 3184 722 3249 consuli
745 3185 857 3271 (quom
886 3206 906 3248 a
930 3183 1077 3250 kalendis
1106 3181 1234 3248 demum

188 3296 368 3368 Sextilibus
400 3299 477 3364 anni
504 3299 622 3377 702152
652 3298 826 3387 Pompeius
858 3302 971 3366 consul
1003 3301 1073 3367 sine
1100 3299 1236 3388 conlega

186 3416 357 3503 conlegam
379 3415 439 3484 sibi
461 3415 666 3500 adiunxerat)
701 3439 738 3482 oo
765 3417 889 3482 mouns
912 3417 1008 3503 plebe
1028 3441 1144 3506 mopso
1165 3441 1236 3484 cum

185 3533 298 3600 rubore
325 3535 455 3600 et'rts'totis
483 3536 678 3619 conparauit.
720 3536 870 3620 lupanari
893 3535 972 3600 anim
993 3536 1080 3600 domi
1097 3559 1174 3601 suae
1193 3541 1235 3600 ris·

186 3649 742 3717 accommodissimum
762 3674 784 3715 a
802 3664 889 3737 patre
909 3663 971 3717 tam
992 3675 1013 3716 o
1034 3655 1100 3717 uiro
1122 3663 1235 3717 ubam·

186 3789 244 3853 que
263 3767 400 3832 inolitum
420 3779 449 3832 et
468 3767 596 3834 ceddam
610 3789 736 3852 pnenrm
752 3771 954 3836 Saturatbrun
973 3775 1003 3836 sia
1025 3793 1057 3834 eo
1074 3771 1234 3856 prosatus't.

186 3883 329 3950 Muciam
344 3905 365 3948 a
381 3883 511 3950 Valerio
532 3895 814 3954 commemoratam
832 3909 967 3954 uxorem
984 3885 1116 3973 Pompei
1136 3887 1235 3952 luisse
