2970 4484
382 325 459 378 Vlffl
493 324 540 376 Dll
559 323 717 378 CAESARE
737 324 782 376 ΕΤ
799 323 1026 378 causamme
1178 324 1227 374 20⁷

179 489 367 580 Septembri
387 491 464 558 anni
485 490 603 568 699Ιῶ
624 513 727 579 nsque
749 489 790 557 sd
817 489 953 558 eundem
982 510 1123 556 mensem
1152 489 1228 556 anni

176 611 345 698 sequentis
376 608 522 676 relietum
559 619 616 674 est
669 609 753 675 idem
785 617 912 695 tempus
945 605 1101 674 adcurate
1131 607 1228 672 etiam

178 726 436 793 consideratione
468 725 646 793 sententiae
679 726 850 792 uniuersae
883 723 1032 792 carminis
1063 723 1227 811 reperitur.

181 866 246 932 qua
265 844 377 912 doceri
404 842 552 910 uidemur
577 841 760 926 Catullum,
792 865 864 908 oum
890 841 1063 930 aliquando
1091 839 1133 906 de
1160 839 1228 907 Me-

178 983 289 1026 murra
310 959 437 1026 Galliae
460 968 493 1025 et
514 957 702 1026 Britanniae
729 957 921 1046 praedatore
946 979 1091 1024 rumores
1111 957 1144 1024 in
1166 958 1229 1044 pri·

177 1078 240 1146 mis
260 1074 360 1144 ualidi
381 1099 423 1142 ex
445 1075 555 1142 Gallia
575 1074 712 1142 Romam
734 1085 966 1163 peruenerant,
997 1086 1067 1142 tum
1097 1095 1227 1141 cannen

177 1217 291 1261 xxvrm
312 1195 436 1260 fauisse.
479 1203 587 1281 atque,
611 1193 638 1258 ei
660 1191 844 1260 adcuratiue
861 1191 995 1259 delinire
1014 1191 1099 1276 lieet,
1120 1191 1228 1280 paullo

177 1321 292 1401 poetes
323 1333 419 1400 quem
449 1311 489 1377 de
518 1311 627 1400 priore
648 1310 853 1399 expeditione
873 1309 1063 1377 Britanniae
1083 1306 1228 1374 homines

176 1428 296 1496 urbani
318 1428 471 1494 certiores
493 1427 572 1494 laeti
593 1437 684 1506 sunt,
713 1425 877 1494 Catullum
899 1427 960 1494 hoo
982 1447 1111 1494 carmen
1131 1425 1227 1513 scrip

176 1545 260 1614 aisse
288 1565 327 1610 eo
354 1544 518 1612 lubentius
546 1545 671 1611 oonieio
698 1567 763 1633 quo
796 1544 1032 1632 diligentiorem
1063 1545 1098 1610 in
1130 1543 1227 1611 uersi·

176 1663 240 1730 bue
264 1663 300 1727 11
323 1672 357 1728 et
379 1662 418 1727 12
439 1660 652 1750 expeditionis
673 1661 759 1728 illius
779 1663 975 1728 mentionem
996 1660 1084 1740 lenit,
1107 1669 1140 1725 et
1162 1680 1226 1746 quo

177 1781 359 1847 crebriores
389 1779 495 1870 nuntii
527 1777 569 1846 de
595 1777 717 1845 diuitiis
744 1800 763 1844 e
789 1779 959 1844 Britannia
985 1801 1005 1842 a
1026 1776 1167 1846 Caesare
1195 1785 1227 1842 et

179 1896 385 1965 Gaeeafiania
413 1897 588 1985 reportatis
615 1895 756 1962 Romam
784 1895 1041 1982 perferebantur.
1084 1894 1125 1960 ol.
1148 1891 1226 1962 Sue

177 2015 260 2082 tonii
283 2013 378 2082 Gaea.
400 2013 440 2078 47
463 2013 664 2080 Britanniam
673 2013 791 2099 petisse
810 2035 865 2098 spe
878 2013 1131 2100 marpars'ranm,
1152 2033 1227 2098 qna·

176 2155 247 2198 ram
267 2131 499 2218 omplr‘tadrirem
520 2130 723 2214 eonfermtem
744 2129 892 2195 bderdm
913 2153 970 2195 ruo
984 2151 1077 2194 mano
1090 2130 1228 2216 accepim

175 2251 312 2334 pondere.
354 2246 401 2314 ita
420 2246 448 2312 ei
468 2269 598 2314 aenaeae
619 2246 769 2312 carminis
790 2247 950 2334 explicas,
972 2257 1076 2312 toturn
1098 2267 1227 2312 oarmeu

178 2367 266 2432 bene
295 2363 440 2452 intellegi
471 2372 579 2451 potest
599 2389 607 2430 :
628 2363 691 2428 iam
721 2384 832 2429 uersus
860 2365 993 2451 quintus
1021 2371 1054 2428 et
1086 2363 1228 2430 deoimus

177 2485 309 2550 aboedo
330 2481 475 2565 Romule,
498 2485 574 2547 loeo
590 2481 755 2546 uidebis
777 2479 937 2566 ecferre
957 2480 1078 2547 bonnm
1100 2501 1227 2546 aeneum

178 2598 359 2687 arripiunt,
391 2609 427 2664 ut
454 2610 530 2686 pote
558 2597 675 2686 quibus
697 2596 843 2664 Catullus
873 2599 964 2686 quaei
986 2599 1172 2686 expostulet
1192 2608 1229 2664 ut

179 2715 304 2784 Caesar
338 2717 372 2782 in
405 2725 568 2803 posterum
602 2713 801 2780 Mamurram
837 2713 1014 2803 diripiendo
1049 2716 1228 2804 prohibeat.

178 2837 246 2902 iam
268 2855 383 2900 uerene
404 2833 569 2920 septimus,
590 2830 623 2898 in
646 2853 711 2921 quo
732 2831 809 2898 item
830 2833 922 2898 uerbi
940 2845 1069 2922 tempus
1085 2832 1228 2900 futurum

178 2952 317 3037 legitur,
340 2950 460 3036 optime
481 2971 516 3014 se
537 2949 643 3016 habet.
687 2949 884 3016 Mamurram
912 2951 1014 3032 enim,
1044 2949 1070 3016 ei
1100 2949 1229 3037 quando

180 3069 209 3135 ie
242 3089 261 3132 e
295 3065 463 3154 prouincia
498 3065 617 3132 diuitiis
651 3067 832 3134 recentibus
874 3076 1007 3134 onustus
1049 3067 1228 3149 reuerterit,

178 3185 330 3252 omnibns
359 3183 484 3252 Romae
510 3182 699 3252 mulieribus
730 3183 952 3252 insidiaturum
985 3207 1055 3252 esee
1083 3183 1229 3252 Catullus

178 3301 339 3390 prouidet.
382 3301 496 3368 eodem
516 3322 630 3368 uerene
652 3301 829 3390 nigesimua
849 3324 909 3368 noe
932 3299 1030 3385 ducit,
1057 3300 1142 3368 unde
1164 3325 1228 3390 quo

178 3429 326 3506 tempore
349 3415 497 3484 Catullus
518 3417 574 3484 illa
595 3418 733 3506 scripsit,
754 3427 822 3484 tum
844 3417 1043 3485 Mamurram
1064 3419 1097 3486 in
1119 3417 1229 3486 Gallia

179 3545 213 3602 et
227 3533 397 3602 Britannia
418 3533 598 3624 expilandis
616 3557 681 3602 non
700 3534 764 3600 iam
781 3535 877 3602 finem
902 3536 958 3602 sed
981 3537 1086 3624 potine
1104 3537 1227 3604 initium

179 3661 305 3718 tantum
326 3651 441 3718 feoiase
462 3661 562 3739 patet.
605 3674 679 3718 nam
703 3675 813 3718 uorans
835 3652 889 3718 ille
911 3653 950 3718 de
965 3653 1080 3720 timore
1094 3665 1143 3720 eet
1164 3675 1229 3741 quo

178 3767 366 3836 Mamurrae
388 3767 602 3857 direptionum
624 3791 738 3836 oaussa
759 3779 816 3836 aut
830 3769 918 3836 Galli
939 3791 978 3836 ae
991 3769 1140 3848 Britanni
1163 3784 1227 3853 aut,

178 3887 207 3956 ai
228 3886 397 3956 nobiseum
418 3886 527 3971 sentis,
549 3887 590 3952 de
612 3887 662 3954 hia
684 3887 829 3954 homines
851 3887 966 3954 urbani
987 3886 1227 3954 adiciebantur.
