3002 4490
322 311 371 360 2⁷4
521 305 572 358 ΧΠ
606 307 653 358 ΒΕ
672 305 779 360 omna
797 305 999 361 nonensem
1017 305 1169 360 clavem

322 474 377 562 qni
399 473 661 540 Rossbachianae
691 471 840 539 editionis
868 473 957 560 psius
978 473 1112 559 ignarus
1134 495 1175 538 ne
1195 471 1228 539 in
1250 473 1370 540 adden-

320 591 369 656 dis
391 589 522 679 qnidam
544 590 617 658 iibri
640 591 689 656 sui
711 609 742 678 p.
762 589 839 673 579,
870 590 923 655 nbi
947 589 1138 656 Rossbachii
1159 588 1201 654 de
1222 592 1371 658 uersibus

323 707 444 774 19-24
466 731 486 773 a
506 707 649 772 carmine
669 725 738 772 axv
760 705 946 792 separandis
967 706 1151 793 opinionem
1165 705 1371 794 inpugnanit,

321 825 415 890 huius
445 835 477 890 et
505 846 598 889 snum
629 823 668 888 de
697 823 842 888 uersibus
864 823 984 888 9-14
1005 822 1158 889 eiciendis
1179 843 1371 890 consensum

320 958 571 1006 commemorare
593 939 705 1006 uoluit.
748 939 805 1004 sed
818 939 988 1027 Gruppins
1002 939 1087 1004 idem
1102 961 1141 1006 eo
1159 941 1372 1030 uehementer

321 1059 442 1124 errauit
464 1056 551 1145 quod
566 1077 679 1122 uersus
701 1056 772 1120 illos
786 1055 891 1120 9-14
906 1055 1068 1121 eiciendos
1084 1056 1125 1122 ab
1139 1056 1371 1145 interpolatore

320 1173 472 1263 quodam,
494 1173 605 1261 quales
628 1171 750 1238 scilicet
770 1172 823 1236 ille
844 1171 965 1260 ubique
980 1172 1141 1256 odoratur,
1164 1193 1206 1238 ex
1228 1175 1372 1239 earmina

321 1310 354 1357 cs
375 1289 468 1356 fictos
490 1311 561 1356 esse
583 1287 749 1355 contendit
771 1311 779 1352 :
800 1287 890 1353 cuius
920 1289 1098 1354 sententiae
1122 1291 1370 1376 peruersitatem

320 1405 461 1472 Hessius
482 1404 724 1472 demonstrauit
766 1406 867 1472 multo
889 1405 1078 1492 prudentius
1092 1415 1167 1472 ante
1184 1405 1371 1494 Grnppinm

320 1523 540 1591 Rossbachius
567 1522 608 1588 de
630 1543 783 1587 uersuum
804 1523 919 1587 horum
938 1521 1064 1610 osigine
1085 1543 1161 1589 uere
1183 1523 1372 1591 Catulliana

140 1679 143 1688 ·
190 1699 195 1706 .
320 1662 385 1706 non
408 1639 623 1706 dubitauerat.
666 1661 738 1704 cum
754 1639 854 1726 igitur
868 1659 980 1704 uersus
994 1638 1065 1704 ilios
1078 1639 1211 1705 carmini
1225 1659 1295 1706 axv
1316 1642 1372 1707 de·

319 1757 451 1822 mendos
481 1775 551 1822 esse
580 1754 778 1822 intellectum
810 1765 897 1821 esset
927 1755 1093 1844 nihiloque
1125 1767 1233 1823 mmen
1263 1757 1372 1824 minus

320 1871 518 1940 Catullianos
540 1893 628 1955 esse,
650 1871 875 1959 inquirendum
897 1879 968 1937 arat
989 1893 1066 1937 num
1087 1871 1172 1937 forte
1193 1872 1279 1938 alind
1302 1897 1371 1940 car·

320 2011 393 2053 mon
421 1989 473 2054 cni
501 1996 609 2053 essent
637 1987 799 2053 inserendi
826 1987 960 2074 repes-isi
987 1997 1105 2074 posset.
1148 1989 1234 2056 hunc
1261 1990 1371 2055 locum
1481 1957 1482 2034 i

319 2085 480 2172 indicasse
501 2104 614 2170 Haasii
639 2105 789 2170 meritum
816 2113 880 2182 est,
910 2104 965 2193 qni
987 2125 1100 2172 uorsus
1121 2125 1179 2172 sex
1200 2105 1274 2171 illos
1294 2118 1372 2195 post

320 2221 472 2288 carminis
503 2240 533 2288 cs
564 2241 693 2286 nemum
723 2231 851 2287 sextum
880 2219 1045 2286 addendos
1071 2243 1142 2288 esse
1163 2221 1252 2288 uidit
1287 2222 1371 2290 dano

320 2343 400 2404 caim
421 2341 525 2422 ἱοοιοοι,
547 2349 584 2405 ut
604 2338 683 2426 ipsis
704 2337 817 2403 Haasii
840 2335 950 2402 uerbis
971 2349 1053 2420 utar,
1079 2337 1207 2423 defecto
1226 2340 1371 2407 laborare

319 2479 443 2542 nomque
474 2455 523 2522 sa'c
554 2457 716 2541 optassime
751 2455 879 2540 expleri
901 2453 1007 2540 focile
1036 2453 1247 2548 dmoadrora]
1272 2479 1370 2542 possa

318 2573 461 2638 ονὺᾱνοο.
502 2571 708 2658 manifestam
722 2584 824 2637 ostam
845 2574 990 2638 mam
1005 2571 1149 2658 defectas
1169 2585 1215 2638 est
1233 2575 1268 2638 s'a
1285 2579 1370 2639 aoei-

318 2693 375 2755 has
401 2684 488 2754 ‘moso
515 2699 612 2754 mmm
639 2683 772 2765 iatereo',
801 2691 910 2774 qaam
937 2711 1061 2754 necesse
1081 2701 1123 2754 ast
1141 2689 1266 2776 ols’qns'd
1285 2713 1369 2756 asoto

310 2804 427 2891 foces'a
445 2817 563 2891 poetam
578 2805 787 2891 iutelleqomas
807 2808 889 2891 qood
906 2829 965 2870 non
985 2805 1053 2871 uolt
1073 2828 1190 2892 οοοιρον
1198 2809 1288 2890 fieri,
1309 2807 1370 2874 sed

317 2911 464 2999 “ο“ηέονοα’,
494 2923 563 2986 ie.
585 2921 679 2987 donoc
705 2923 796 2987 aliod
821 2923 899 3009 qaid
914 2921 978 3008 fiat
1007 2925 1057 2988 ool
1068 2926 1152 3007 fieri
1175 2925 1279 3009 posas't
1297 2947 1309 2988 .·
1329 2923 1369 2990 a'd

318 3051 419 3106 cedma
445 3038 603 3104 deitersam
629 3059 696 3104 osse
715 3061 840 3104 necessa
860 3051 913 3104 est.
955 3059 1137 3125 quaeamus
1166 3041 1262 3128 ipsltsr
1289 3063 1369 3127 qnae

318 3158 391 3222 allae
412 3177 463 3222 res
483 3157 629 3220 diuersae
650 3157 721 3237 sint,
743 3175 870 3241 quoram
891 3155 1019 3220 alteram
1039 3156 1206 3242 aliquando
1217 3156 1369 3242 foetam

318 3274 367 3356 so,
389 3273 530 3348 alteram,
552 3272 646 3338 donoe
660 3271 698 3337 id
705 3272 783 3355 fiori
791 3271 1014 3356 posss't‚saoaist
1028 3273 1147 3338 intereo
1164 3299 1176 3338 .·
1196 3275 1368 3359 reperimus

317 3402 414 3454 aloem
445 3395 476 3456 in
507 3389 628 3454 dandas
648 3389 798 3454 carminis
822 3392 981 3474 portam,
1013 3411 1092 3476 qssoa
1123 3391 1246 3455 aoosdas
1275 3385 1366 3457 ‘asmo

317 3517 414 3572 tomen
434 3501 559 3572 ὑπονοῶ
579 3519 769 3590 aspamam,
796 3528 858 3570 oon
875 3507 952 3570 ditos
978 3529 1032 3571 reo
1059 3509 1294 3573 commemorari
1309 3507 1367 3574 sed

317 3643 430 3704 onom,
450 3623 585 3708 inferias
613 3645 693 3709 qaae
713 3623 884 3687 menoides
904 3645 985 3688 more
1003 3629 1103 3708 potio
1124 3626 1239 3689 tradas
1262 3637 1291 3688 et
1309 3627 1364 3690 nd·

318 3738 464 3803 locotione
483 3745 618 3804 moniam
639 3751 787 3804 constant.
830 3759 917 3804 acmo
938 3741 997 3804 ml
1017 3745 1072 3824 qai
1088 3739 1185 3804 oliam
1205 3753 1365 3826 praetuta

318 3879 381 3920 rem
400 3879 420 3919 a
435 3855 555 3922 Οαωίὶο
577 3857 819 3940 commemorari,
841 3879 925 3922 aenso
946 3857 1005 3942 qai
1022 3849 1155 3922 ‘immeo'
1173 3879 1279 3922 uocem
1299 3879 1365 3924 am·
