2954 4492
472 317 523 369 vu
556 317 604 370 Du
621 317 763 372 runem
780 315 977 370 amarrico
1194 317 1241 368 111

193 483 331 551 Romuli
352 477 532 572 Ramique’.
575 482 714 572 denique
742 483 894 572 equidem
920 504 986 549 nou
1013 483 1244 566 contenderim,

195 601 286 689 qnod
315 599 548 688 interpretibus
576 601 718 688 placuit,
755 601 915 667 uocabula
950 594 1175 666 ‘inrumatoris’
1210 608 1245 668 et

195 711 347 805 ‘uerpae’,
370 715 488 805 quibus
508 715 680 782 Memmius
702 741 725 783 x
748 717 788 782 12
809 727 842 784 et
862 738 961 783 xxvru
977 717 1026 782 10.
1044 717 1083 782 12
1103 716 1245 784 nomina·

195 844 261 916 tur,
282 832 370 900 omui
392 832 552 900 obscaena
573 831 811 920 significatione
826 854 947 898 carere.
989 833 1135 898 consulto
1158 833 1242 900 enim

194 961 231 1017 et
248 952 397 1016 ucumine
418 949 559 1039 quodam
580 951 695 1016 scerbo
717 971 811 1015 usum
832 960 912 1037 puto
928 948 1091 1018 Catullum
1112 950 1244 1016 nomina

195 1067 317 1156 quibua
343 1066 428 1133 illius
455 1088 580 1133 morum
606 1067 852 1153 peruersitatem
881 1066 1113 1153 perstringeret
1133 1089 1153 1132 a
1173 1066 1244 1134 libi-

194 1182 326 1250 dinibus
345 1182 558 1272 desumpsisse
579 1205 587 1248 :
608 1182 770 1250 hominem
784 1183 868 1248 enim
883 1182 1023 1250 maxime
1036 1181 1242 1250 libidinosum

196 1299 386 1366 Memmium
408 1299 524 1383 fnisse,
556 1310 593 1366 ut
624 1299 702 1366 nihil
734 1300 774 1367 de
800 1299 996 1366 carminibus
1021 1298 1151 1366 luscinis
1173 1300 1243 1365 eius

197 1416 316 1500 dicam,
338 1417 412 1484 inde
434 1418 564 1505 conligo
585 1417 672 1505 quod
693 1427 726 1483 et
747 1416 790 1482 u
811 1415 939 1482 Luculli
961 1438 1095 1482 uxorem
1116 1415 1244 1482 uitiauit

196 1534 254 1620 (ci.
289 1531 479 1602 Ciceronem
511 1534 551 1600 ad
584 1531 729 1600 Atticum
759 1556 768 1598 ι
800 1533 839 1598 18
862 1532 898 1618 3)
935 1541 968 1598 et
1000 1553 1074 1598 cum
1107 1531 1242 1620 Pompei

196 1670 300 1716 uxore
327 1671 395 1715 rem
425 1660 481 1716 aut
508 1650 622 1716 hebuit
648 1660 705 1714 aut
725 1648 845 1715 habere
866 1647 968 1714 uoluit
989 1649 1044 1731 (ci.
1067 1645 1242 1714 Suetonius

195 1767 238 1834 de
254 1765 473 1853 grammaticis
490 1766 530 1831 14
543 1790 575 1854 p.
592 1765 649 1831 111
671 1763 951 1850 Reifferscheidii).
993 1773 1094 1830 restat
1112 1775 1149 1830 ut
1169 1785 1242 1830 con·

195 1882 377 1948 sideremus
398 1883 475 1968 quid
497 1881 557 1948 sibi
577 1880 657 1948 illud
677 1884 774 1946 lentus
795 1881 873 1948 uelit
894 1882 927 1945 in
949 1880 1011 1947 hoc
1032 1902 1128 1947 uersu

405 2069 423 2113 o
445 2047 582 2130 Memmi,
604 2047 676 2112 berre
694 2069 743 2112 me
763 2073 800 2112 cc
820 2049 872 2112 dcis
892 2053 1032 2134 rupicum

405 2175 464 2230 tolo
484 2166 547 2230 istc
568 2165 653 2230 trabe
673 2167 764 2230 leatus
785 2165 955 2230 irrumare.

194 2331 278 2398 haec
304 2331 381 2397 licet
400 2330 446 2396 ita
472 2329 617 2418 pluribus
638 2331 748 2396 uerbis
769 2331 905 2418 exprimi
927 2355 935 2396 ε
955 2325 984 2396 ‘o
1006 2331 1160 2415 Memmi,
1191 2331 1243 2398 uir

193 2445 465 2532 libidinosissime,
487 2447 676 2514 lentitudine
690 2457 747 2514 tua
766 2448 882 2513 mirum
904 2457 1058 2535 quantum
1073 2471 1125 2514 me
1146 2469 1242 2514 uexa-

194 2565 270 2634 uisti
304 2565 509 2656 pessimeque
536 2585 589 2630 me
617 2559 782 2631 tractasti’.
824 2563 1045 2631 lentitudinem
1076 2587 1154 2631 uero
1181 2561 1242 2630 Ga·

194 2681 293 2750 tullus
314 2681 440 2748 tardam
472 2681 627 2747 incuriam
650 2691 683 2747 et
703 2681 871 2748 socordem
891 2681 1129 2769 neglegentiam
1151 2703 1241 2770 prae-

193 2799 276 2866 toris
317 2793 393 2864 ‘non
435 2797 582 2864 facientis
622 2797 678 2885 pili
720 2793 894 2865 cohortem‘
935 2798 1121 2887 adpellauit
1176 2799 1242 2866 iam

193 2914 342 2982 Achilles
378 2912 515 2996 Statius,
557 2912 698 2980 omnium
736 2913 855 2982 Catulli
891 2915 1103 3003 interpretum
1144 2916 1240 3003 longe

194 3031 337 3120 optimus
349 3079 358 3114 ,
389 3035 470 3100 bene
491 3031 618 3097 Afranii
638 3031 744 3098 locum
777 3033 886 3098 attulit
914 3053 955 3098 ex
986 3031 1199 3121 Emancipato
1221 3056 1242 3098 a

193 3146 344 3216 Charisio
366 3171 385 3214 u
409 3147 469 3214 183
490 3148 518 3213 P
541 3159 731 3236 excerptum
754 3148 839 3236 apud
861 3149 1078 3216 Ribbeckium
1101 3172 1130 3237 p.
1155 3148 1215 3215 150

387 3322 482 3386 queam
503 3300 582 3366 lecte
603 3312 714 3366 tractat
732 3325 777 3366 me
798 3313 886 3388 atque
906 3301 1025 3368 inludet.

192 3457 363 3538 praeterea
384 3449 424 3516 cl.
444 3449 604 3517 Laberius
624 3449 657 3516 in
680 3448 905 3540 Conpitalibus
926 3453 968 3519 29
987 3453 1083 3520 Ribb.

335 3625 417 3668 nunc
438 3615 471 3667 ta
491 3597 604 3688 leutu's,
626 3627 705 3670 nunc
726 3617 760 3672 tu
782 3607 1011 3694 susquedeque
1023 3605 1099 3693 fers

191 3781 266 3826 cum
281 3761 329 3826 eis
344 3781 428 3848 quae
443 3759 571 3829 Gellius
585 3783 640 3826 xvr
654 3763 675 3826 9
688 3762 710 3828 3
722 3761 901 3830 adnotauit.
936 3771 1034 3851 atque
1049 3763 1237 3830 Memmium

191 3875 287 3966 segni
306 3887 424 3945 natura
454 3898 559 3965 neque
581 3877 703 3944 laboris
723 3881 900 3967 patientem
920 3878 1018 3944 luisse
1040 3879 1128 3943 locus
1149 3874 1239 3945 Cice·
