3002 4490
241 333 291 384 tlt
417 330 495 382 XIIII
529 329 576 380 nu
595 327 727 382 vermo
742 327 911 382 strumo
928 327 1108 382 posumus

250 496 332 580 Vetti,
354 495 519 586 Hauptius
540 494 573 560 in
595 494 696 562 alters
717 517 777 562 sua
799 492 940 561 editione
968 493 1042 559 Vtut
1058 494 1146 560 iecit
1189 491 1293 564 Scali-

240 635 300 702 ger
320 613 451 702 Lipsius
474 613 607 697 (uerior.
629 612 755 680 lection.
776 633 807 677 ιιι
828 613 863 696 b)
885 611 1076 678 Torrentius
1098 612 1154 696 (ad
1174 609 1292 680 Sueto·

242 730 286 796 nii
314 728 409 798 ans.
433 729 486 814 17)
516 728 652 796 Vossius
682 728 740 814 (ad
769 725 933 795 Catullum
962 751 993 816 p.
1017 727 1094 814 328)
1126 726 1166 795 L.
1197 729 1292 796 illum

243 849 407 931 Vettium,
435 845 572 914 iudicem
600 845 847 912 famosissimum
873 866 915 910 ex
942 841 1112 912 Ciceronis
1137 843 1291 930 Sesticna

240 975 274 1032 et
289 965 463 1032 Vatiniana
485 973 518 1030 et
537 963 682 1052 epistulis
704 961 782 1028 sotis
800 971 914 1029 notum
935 965 982 1048 (u.
998 962 1104 1030 Paulii
1120 964 1287 1053 enoyolop.

241 1106 272 1148 ιι
292 1081 400 1168 2530),
421 1105 442 1149 a
463 1081 592 1148 Catullo
611 1079 828 1168 significatum
857 1101 928 1148 esse
958 1091 1155 1148 censuerunt
1175 1107 1184 1150 ι
1206 1104 1291 1172 quae

242 1198 374 1288 opinio,
416 1221 489 1265 oum
518 1197 598 1264 nihil
633 1197 717 1264 adsit
751 1218 815 1286 quo
852 1198 1048 1285 adprobatur
1083 1221 1189 1289 neque
1225 1222 1290 1287 quo

241 1315 421 1398 refellatur,
452 1314 530 1405 quid
556 1338 616 1380 nos
648 1313 766 1383 iuuet?
809 1337 949 1403 namque
977 1337 1018 1382 ne
1048 1315 1128 1384 illud
1159 1315 1291 1403 quidem

242 1455 353 1498 uerum
383 1442 432 1500 est
459 1431 545 1521 qnod
578 1430 769 1498 sententiam
797 1431 887 1497 illam
914 1431 1078 1498 defensuri
1107 1431 1169 1498 nin‘
1200 1431 1289 1499 docti

241 1549 393 1617 dixerunt
426 1549 529 1640 (quod
564 1548 661 1615 etiam
695 1549 721 1614 si
759 1571 872 1615 uerum
908 1559 1010 1632 esset,
1053 1557 1160 1615 temen
1191 1551 1291 1616 nemi·

240 1690 314 1734 nem
344 1667 458 1755 fugere
490 1676 601 1755 posset
628 1689 724 1755 quam
754 1667 826 1732 leue
855 1667 955 1752 esset)
977 1666 1125 1732 Vettium
1155 1675 1290 1755 propter

240 1784 384 1872 linguam
407 1785 520 1850 falsam
542 1794 575 1850 et
597 1785 744 1852 uenalem
767 1783 836 1849 siue
856 1793 989 1871 propter
1014 1783 1198 1851 facundiam
1219 1805 1292 1871 per·

242 1903 394 1967 nioiosam
423 1902 484 1968 hoc
512 1901 654 1967 carmine
682 1898 851 1968 aOatullo
881 1909 1027 1988 carptum
1054 1921 1133 1967 esse.
1177 1910 1293 1968 contra

242 2017 381 2084 sirecte
402 2017 606 2106 explicarunt
627 2018 693 2103 qui,
716 2018 762 2084 uti
783 2015 976 2085 Parthenius
995 2017 1162 2084 Palladius
1184 2017 1291 2084 Mure·

241 2147 295 2202 tus
316 2132 514 2222 Decringius
536 2132 684 2201 Handius
705 2133 753 2220 (in
775 2132 1055 2200 obseruationibus
1076 2156 1105 2221 p.
1122 2133 1178 2220 47)
1201 2135 1291 2222 Hey-

242 2253 307 2319 sius
318 2251 384 2336 alii,
399 2251 551 2318 insulsam
566 2250 703 2318 hominis
721 2251 949 2340 loquacitatem
966 2277 985 2318 a
1001 2249 1129 2318 Catullo
1145 2262 1290 2320 notatam

242 2379 505 2458 putauerunt-
541 2368 625 2435 Item
647 2368 834 2456 ignoremus
864 2367 936 2457 quis
970 2367 1146 2456 Septimius
1181 2369 1290 2448 fuerit,

242 2487 331 2553 cuius
354 2494 386 2552 et
406 2488 526 2552 Acmes
548 2507 690 2551 amorem
712 2484 860 2552 Catullus
888 2485 1029 2552 carmine
1058 2487 1113 2552 illo
1140 2485 1291 2552 suauissi-

241 2627 294 2672 mo
308 2626 424 2672 xxxxv
439 2605 553 2670 Acmen
568 2602 732 2690 Septimius
747 2627 819 2669 ocor
832 2626 952 2670 amores
967 2603 1152 2670 celebrauit.
1186 2603 1291 2670 Acme

241 2723 358 2790 liberta
378 2721 509 2788 natione
531 2721 658 2788 Graeca
679 2721 779 2786 fuisse
804 2719 941 2786 uidetur.
985 2732 1126 2788 osterum
1149 2743 1289 2801 carmen,

242 2842 269 2906 si
291 2839 332 2906 de
352 2850 497 2926 tempore
518 2837 691 2926 quaeritur,
713 2860 753 2904 ex
775 2860 871 2904 uersu
892 2838 1050 2926 uigesimo
1070 2839 1172 2906 altero

441 2979 536 3022 unam
557 2956 717 3041 Septimio
737 2955 871 3022 metellus
892 2957 1012 3022 Acmen

442 3074 561 3140 mauult
581 3097 672 3162 quom
693 3074 806 3160 &rias
826 3073 1073 3160 Brs'taonicoquc

241 3191 328 3260 haud
361 3191 427 3258 scio
457 3213 498 3257 an
529 3191 648 3278 conligi
676 3190 777 3278 possit
804 3212 888 3282 anno
916 3189 1034 3267 oeulos
1061 3188 1115 3256 uel
1144 3188 1293 3275 sequenti

242 3308 397 3397 scriptum
426 3330 496 3376 csse
519 3308 603 3374 :illo
631 3307 715 3374 enim
744 3330 829 3374 anno
858 3317 890 3373 et
917 3306 1040 3375 Caesar
1066 3307 1098 3371 in
1122 3305 1293 3374 Britannia

242 3426 362 3494 bellare
390 3425 495 3514 eoepit
523 3434 556 3490 et
576 3424 712 3493 Crassus
732 3424 766 3492 in
786 3424 916 3512 Syriam
937 3424 1102 3512 profectus
1125 3432 1183 3489 est.
1226 3423 1292 3488 iam

243 3543 284 3609 ad
305 3543 454 3610 carminis
476 3565 563 3610 xxvu
587 3563 717 3608 uersum
738 3541 867 3609 tertium
894 3541 1130 3608 inlustrandum
1160 3559 1293 3607 conuer-

243 3671 314 3726 tere
322 3681 380 3724 nos
392 3659 509 3747 placet,
522 3681 586 3748 quo
598 3655 747 3724 Catullus
759 3657 954 3742 Postumiae,
965 3654 1152 3743 ‘magistrae
1164 3657 1292 3724 ebriosa

244 3776 336 3844 acina
358 3771 558 3859 ebriosioris’‚
580 3775 776 3844 mentionem
793 3776 878 3842 fecit.
914 3797 955 3842 en
976 3785 1081 3842 totum
1102 3775 1203 3845 habes
1225 3797 1292 3842 car·

243 3915 316 3960 men
339 3895 468 3962 breue:
