3002 4490
511 349 575 401 x111
611 349 658 402 ns
675 347 816 402 ΟΔΤΟΝΕ
1147 353 1196 402 bol

149 527 282 584 exutum
304 535 376 582 case
396 515 588 605 patrimonio
611 537 652 582 ex
667 512 824 582 Suetonio
841 514 897 598 (dc
912 515 1130 602 grammaticis
1143 518 1196 600 111

148 633 277 700 scimm.
320 642 488 720 praeterea
516 632 603 699 idem
629 630 803 700 Suetonius
832 632 888 717 (de
916 633 1135 718 grammaticis
1160 631 1196 716 2)

149 749 316 818 Valerium
344 747 503 818 Catonem
531 749 618 837 apud
649 749 800 816 Vectium
828 749 1052 816 Philocomum
1080 748 1197 816 Lucilii

1 942 4 948 ,
148 877 274 934 numae
295 866 415 952 legisse
437 867 593 932 narrauit.
636 864 776 955 denique
796 865 831 934 in
852 867 1088 955 epigrammate
1109 868 1196 954 quod

149 983 325 1052 Suetonius
347 984 419 1049 loco
441 1004 537 1071 quem
558 983 699 1070 priorem
721 982 893 1050 citauimus
911 982 1065 1071 excripsit
1079 982 1196 1052 Furius

149 1100 326 1169 Bibaculus
341 1099 499 1168 Catonem
522 1100 768 1186 grammaticum
789 1098 883 1166 ualde
903 1121 1012 1166 senem
1028 1122 1062 1166 se
1077 1099 1196 1166 uidisse

147 1225 282 1284 testatus
315 1226 375 1284 est.
418 1216 496 1305 quid
527 1217 602 1284 inde
632 1216 751 1304 conligi
771 1215 907 1304 potest?
942 1217 1080 1305 primum
1115 1218 1194 1284 illud

147 1333 325 1400 Furianum
347 1335 594 1402 consideremus.
637 1332 803 1401 Valerium
819 1332 977 1400 Catonem
997 1335 1099 1400 tribua
1121 1357 1194 1400 cau-

146 1451 253 1519 liculis
273 1463 307 1518 ct
327 1451 444 1518 selibra
463 1451 559 1518 farris
580 1461 613 1517 et
632 1450 768 1518 racemis
785 1449 911 1516 duobus
925 1455 986 1520 sub
1002 1451 1066 1518 uda
1082 1453 1193 1538 tegula

146 1567 188 1636 ad
221 1591 379 1635 summam
411 1590 512 1656 prope
543 1577 741 1634 senectutem
768 1548 876 1634 'nium
908 1567 969 1634 sibi
998 1578 1194 1634 sustentasse

147 1684 265 1752 Furius
285 1683 461 1751 Bibaculus
490 1682 588 1768 dixit,
622 1675 712 1750 odius
743 1685 944 1772 epigramma
973 1694 1009 1751 ut
1036 1683 1194 1751 Catonern

145 1799 242 1868 ualde
264 1822 373 1867 senem
394 1811 556 1868 mortuum
578 1823 650 1867 ease
671 1802 906 1868 demonstraret
918 1799 1095 1868 Suetonius
1113 1812 1195 1868 attu-

145 1919 190 1986 lit.
232 1919 399 2008 quaeritur
430 1919 533 2005 igitur
562 1917 693 2006 quando
725 1918 902 1985 Bibaculus
933 1918 990 1985 illa
1019 1918 1193 2006 scripserit.

146 2037 234 2128 quod
266 2059 340 2102 cum
371 2037 560 2122 ignoretur,
589 2037 623 2102 in
653 2037 840 2103 uniuersum
873 2035 1076 2123 interrogare
1102 2035 1194 2102 lubet

146 2177 244 2244 quam
273 2153 327 2219 diu
356 2151 475 2220 Furius
507 2153 634 2220 uixerit.
677 2152 811 2220 Furium
838 2152 936 2218 etiam
963 2164 1031 2220 tum
1054 2153 1087 2220 in
1109 2154 1193 2220 uiuis

1 2332 10 2356 ‚
144 2271 244 2338 fuisse
275 2280 420 2355 constat,
452 2293 526 2336 cum
558 2267 702 2336 Orbilius
732 2269 880 2356 Pupillus
915 2280 1048 2358 propter
1083 2291 1192 2338 senec-

144 2397 247 2454 turom
277 2388 408 2454 nimiam
429 2387 616 2454 memoriam
643 2385 706 2452 iam
729 2386 887 2452 amiserat
931 2385 1104 2474 quodque
1124 2387 1191 2454 lere

144 2515 292 2594 tempore
312 2504 435 2570 factum
454 2503 496 2570 sit
515 2501 592 2568 inde
613 2501 777 2589 conligere
798 2524 968 2589 possumus
989 2504 1077 2593 quod
1098 2501 1193 2573 Orti-

143 2621 207 2689 lius
248 2643 334 2688 anno
367 2621 486 2698 691163
520 2617 678 2688 Oicerone
719 2619 851 2686 consule
893 2619 1193 2707 quinquagesimum

144 2741 260 2806 aeuus
300 2761 420 2804 annum
459 2759 561 2824 agens
603 2735 740 2804 Romam
780 2737 908 2804 uenisse
944 2735 1054 2825 ibique
1091 2757 1192 2824 prope

144 2857 185 2923 ad
221 2857 431 2924 centesimum
466 2877 586 2923 annum
624 2856 741 2922 amissa
775 2855 839 2924 iam
874 2854 1000 2944 pridem
1036 2855 1191 2921 memoria

144 2971 266 3040 uixisse
286 2973 434 3041 traditur.
476 2973 587 3061 itaque
609 2971 771 3040 Orbilium
799 2971 964 3061 usquead
985 2994 1105 3038 annum
1125 2972 1192 3040 lere

144 3089 262 3167 736118
289 3090 429 3172 uixisse,
461 3091 649 3156 memoriam
680 3099 789 3156 antem
821 3089 885 3154 iam
916 3089 1071 3155 decennio
1103 3089 1192 3176 prius

144 3205 262 3285 726128
283 3207 430 3273 amisisse
450 3227 577 3272 sumere
604 3206 722 3273 licebit.
776 3205 891 3294 quodsi
912 3204 1100 3293 probabiles
1122 3207 1194 3273 sub

142 3322 294 3390 duximus
311 3343 471 3403 numeros,
494 3322 670 3390 Bibaculus
690 3331 765 3390 ante
784 3343 904 3390 annum
926 3321 1043 3399 726128
1063 3345 1192 3390 uersum

143 3440 235 3506 illum
258 3439 399 3506 Orbilius
419 3441 546 3506 clabum
568 3453 610 3506 aar
629 3440 801 3508 ls'ttcrcmm
821 3440 930 3508 obliarb
957 3442 1100 3509 scribere
1128 3463 1191 3506 non

141 3557 250 3644 potuit
280 3557 327 3642 (u.
356 3555 492 3624 Sueten.
520 3558 561 3624 dc
589 3579 726 3644 gramm.
755 3558 802 3641 9).
854 3557 906 3623 fae
938 3557 1023 3624 circa
1054 3557 1192 3624 eundem

141 3695 263 3740 annum
283 3672 476 3740 Bibaculum
496 3674 733 3762 epigrammata
759 3673 800 3740 de
822 3672 948 3742 Catone
969 3697 1047 3740 sene
1067 3685 1192 3761 septua-

141 3791 278 3878 genario
310 3791 371 3876 (ita
392 3811 520 3857 sumere
539 3789 643 3875 lubet)
670 3788 856 3877 scripsisse,
891 3787 973 3858 Orto
1005 3813 1090 3858 anno
1123 3791 1191 3858 fere

140 3907 259 3986 666198
281 3915 458 3974 natusest
500 3929 584 3996 quae
614 3906 695 3973 ratio
725 3927 829 3992 neque
850 3905 877 3972 ai
899 3907 1098 4070 csssapsitates
1119 3903 1191 3972 Sul-
