3002 4490
258 335 309 386 801
635 331 700 384 xm
733 331 783 384 un
799 331 924 386 BES'HO

257 497 459 566 Marrucinos
489 498 552 566 lide
573 499 681 588 potins
702 509 735 566 ct
755 500 917 588 probitate
947 501 1135 588 conspicuos
1162 521 1300 588 eamque

257 616 300 683 ob
329 635 395 681 rem
428 616 516 703 apud
548 615 714 713 Romanos
745 617 778 682 in
809 637 929 705 magno
961 617 1062 684 lause
1092 617 1213 684 lronora
1242 615 1298 683 de·

257 732 459 799 monstrauit.
501 733 588 822 quod
608 745 644 800 ut
664 735 816 821 probaret
836 743 966 823 praeter
986 735 1092 801 locum
1114 732 1201 800 illum
1222 731 1300 800 ‘Per-

256 849 381 917 tulliani
395 852 450 932 rio,
463 855 509 915 uti
522 851 602 916 olibi
614 850 693 934 dias',
715 863 743 916 at
754 851 812 930 laio,
827 875 885 919 non
896 853 1082 918 Mariccus
1094 853 1150 918 aed
1161 851 1299 935 Pontos,

256 968 342 1032 cuiue
367 989 462 1053 supro
488 971 668 1055 sanquinem
698 975 859 1054 consum
886 991 935 1053 es,
964 967 1015 1034 ru
1041 991 1140 1054 seper
1165 991 1299 1052 meas,

256 1085 288 1150 in
315 1106 381 1172 qno
403 1083 659 1151 Marrucinorum
689 1085 785 1152 fidem
814 1085 967 1174 perfidiae
991 1085 1199 1152 Ponticorum
1228 1085 1299 1153 sine

255 1198 484 1290 Cappadocum
510 1203 690 1289 oppositam
716 1223 785 1268 esse
809 1212 899 1269 recte
929 1201 1028 1285 dixit,
1061 1200 1196 1268 Vossius
1217 1202 1299 1269 dnos

256 1317 328 1387 Silii
355 1319 442 1385 locos
470 1319 667 1386 Punicorum
688 1341 733 1386 xv
751 1319 816 1386 566
841 1343 901 1407 quoa
922 1321 996 1386 aare
1014 1320 1089 1386 bollo
1108 1343 1186 1408 pesae
1207 1317 1300 1384 Mor-

254 1435 542 1524 ruoairofidampaae
562 1458 667 1501 mare
684 1437 823 1523 &deplet
839 1439 936 1504 socio
954 1439 1123 1504 mnus
1144 1438 1179 1502 ιἰι
1200 1437 1300 1503 orcus

255 1563 288 1618 ot
313 1573 366 1618 rur
395 1553 457 1619 519
491 1555 678 1619 Μαιινοὺια
712 1553 806 1620 simul
839 1555 1006 1620 elmacin
1041 1555 1164 1620 cornulo
1202 1555 1300 1640 pudes

253 1667 369 1735 attulit
411 1669 540 1738 Paulini
562 1681 671 1737 antam
698 1672 762 1738 loci
791 1671 899 1737 nullus
926 1672 960 1736 in
986 1669 1047 1737 hac
1076 1691 1113 1736 re
1137 1691 1213 1736 usus
1238 1681 1299 1737 eat.

251 1787 299 1854 ita
317 1787 419 1875 igitur
441 1785 588 1855 Catullus
602 1789 752 1856 Asinium
772 1789 877 1855 inrisit
897 1798 935 1854 nt
955 1787 1116 1854 hominem
1136 1809 1298 1876 rapacem,

253 1905 313 1970 etsi
341 1903 544 1972 Marrucinos
579 1914 683 1990 esset,
718 1906 798 1973 nihil
828 1916 935 1974 umen
967 1903 1144 1972 Marrucini
1176 1905 1298 1972 habere

252 2021 383 2088 diceret.

334 2160 520 2250 Disputatio
552 2171 663 2229 nostra
694 2162 735 2228 ad
767 2161 907 2230 Sestium
942 2162 1168 2252 progreditur,
1200 2185 1297 2251 quem

253 2289 351 2369 poeta
369 2279 401 2344 in
423 2279 565 2346 carmina
585 2303 720 2346 xxxxtm
746 2280 1017 2347 commemorauit
1059 2279 1146 2368 qnod
1167 2301 1295 2346 carmen

251 2396 382 2464 nonita
402 2396 494 2464 facile
515 2407 621 2486 potest
648 2395 823 2486 explicari,
853 2396 913 2464 etsi
942 2395 971 2462 ei
993 2396 1217 2466 Lachmannne
1239 2395 1297 2482 (ad

250 2513 436 2582 Lucretium
457 2537 488 2604 p.
504 2515 582 2597 290)
596 2513 820 2582 emendatione
840 2536 991 2580 namnum
1006 2512 1185 2582 duodecimi
1199 2527 1296 2602 atque

250 2632 344 2697 nnius
373 2642 405 2697 et
431 2631 579 2718 trigesimi
605 2630 783 2697 certissima
804 2653 825 2695 a
846 2629 989 2718 Borglrio
1010 2651 1140 2720 qnoque
1160 2631 1248 2697 facts
1261 2631 1295 2714 ⁸)

249 2747 384 2813 multum
415 2747 496 2813 lueis
525 2747 641 2813 attulit.
683 2757 782 2836 atque
810 2768 874 2836 ego
896 2747 1026 2837 quidem
1042 2749 1093 2833 ju
1112 2747 1181 2814 iere
1201 2745 1296 2814 ratio·

249 2886 322 2931 nem
354 2863 506 2930 carminis
534 2864 635 2930 totius
665 2863 889 2954 explicandam
919 2885 991 2932 esse
1020 2886 1145 2932 conseo.
1196 2863 1296 2933 Statii

249 2979 433 3059 cuiusdam,
467 2979 543 3047 mali
573 2979 703 3069 quidem
731 2979 898 3068 scriptoris
924 2981 982 3046 sed
1009 2981 1057 3048 eni
1079 2981 1295 3067 admiratorio,

248 3099 454 3185 arrogantiae
469 3097 709 3186 gratificaturus
730 3109 766 3164 ut
787 3099 819 3163 in
838 3097 921 3164 illins
935 3097 1185 3166 familiaritatem
1200 3109 1243 3184 at,
1258 3109 1295 3168 ut

248 3216 294 3281 ita
314 3215 429 3300 dicam,
449 3216 483 3282 in
505 3236 601 3282 cenas
621 3215 705 3281 illins
718 3213 911 3281 lautissimas
932 3237 967 3282 ae
987 3215 1165 3285 insinuaret
1185 3214 1294 3285 cotul-

251 3410 446 3420 ——..—

331 3531 359 3600 *l
384 3533 445 3584 uide
479 3531 674 3584 smouocnom
707 3531 882 3597 Rombsohii,
913 3535 959 3601 qul
990 3549 1151 3603 quamquam
1185 3543 1295 3608 propter

247 3624 440 3690 neglegentiam
467 3626 646 3677 commentarii
674 3625 707 3676 ad
732 3627 884 3678 Lucretium
908 3627 1117 3682 Lachmannianl
1143 3631 1195 3682 lam
1220 3647 1295 3684 anno

251 3719 317 3770 1855
334 3717 501 3770 aLeutsehio
519 3720 546 3769 in
565 3719 662 3770 nuntiis
672 3719 833 3771 eruditorum
849 3721 968 3788 Gotting.
983 3739 1007 3790 p.
1022 3723 1087 3775 1989
1104 3725 1197 3777 merito
1206 3742 1294 3794 repre·

247 3808 346 3862 hensns
364 3817 411 3874 eat,
430 3824 514 3861 aeman
531 3829 565 3862 ne
582 3814 608 3862 in
626 3812 707 3862 altera
725 3811 830 3878 quidem
840 3813 937 3865 Catulli
959 3831 1006 3867 sna
1023 3815 1140 3869 editione
1158 3819 1226 3870 libro
1244 3819 1294 3873 illo

248 3906 286 3956 uti
304 3904 397 3956 uoluit.
