2920 4492
304 301 333 354 11
367 301 417 354 DE
433 299 538 354 sums
556 295 900 354 neumnensium
918 293 1036 348 SATVL
1056 289 1071 340 l
1177 311 1210 362 3¹1

157 467 192 536 in
212 467 407 557 Hispaniam
429 465 471 534 ad
487 465 660 535 Caesarem
681 465 868 554 perduxerit
882 467 928 554 (u.
943 467 1018 536 boll.
1033 467 1128 560 Hisp.
1146 473 1210 558 10),

158 607 298 674 musque
318 583 346 651 is
370 583 421 651 uir
439 582 589 651 Caesaris
608 593 801 672 pertaesum
824 593 954 652 secutus
974 608 1016 654 ex
1029 587 1211 657 Nouiorum

156 715 258 794 genta
292 701 391 770 fuerit
425 709 557 790 propter
594 721 775 788 cognomen
807 702 1017 790 Asprenatis,
1060 725 1125 795 quo
1156 704 1212 773 uni

157 819 262 890 Nonii
282 819 333 885 usi
355 819 438 901 siut,
467 837 599 884 necasse
618 818 676 900 sit,
706 839 765 884 ucs
794 818 903 886 lacere
929 841 996 888 nou
1017 843 1112 908 posse
1133 823 1212 910 quin

158 937 306 1005 Nonium
338 935 475 1002 eundem
507 933 564 1022 qui
592 931 741 1002 Caesaris
771 935 894 1002 amicus
924 935 992 1004 siue
1014 937 1136 1006 Catulli
1156 937 1211 1007 ud·

157 1053 323 1122 uetustius
350 1050 454 1120 curuli
474 1051 667 1138 magistratu
686 1050 817 1118 functus
845 1053 905 1137 sit,
935 1064 1047 1141 postea
1075 1057 1117 1123 ad
1139 1079 1212 1145 pro-

157 1169 360 1238 consularem
389 1167 579 1256 dignitatem
610 1189 772 1234 sumamus
793 1181 976 1257 promotum
997 1193 1078 1240 esse.
1120 1173 1213 1240 hiso

157 1287 351 1356 heumanno
372 1287 443 1352 ueri
464 1285 622 1352 simillime
644 1284 814 1374 disputatis
835 1309 939 1376 pauca
960 1299 1087 1356 tuntum
1108 1290 1211 1356 habeo

159 1429 246 1498 quae
275 1403 402 1472 addam.
452 1403 493 1469 de
523 1401 674 1470 Strumae
704 1404 788 1470 euim
822 1405 951 1472 nomine
983 1406 1141 1473 Boethius
1172 1405 1213 1472 de

157 1523 282 1590 oonscd.
304 1520 421 1610 philos.
441 1544 469 1586 ιιι
490 1523 576 1609 pr.4
596 1521 676 1587 haec
696 1521 795 1587 habet
814 1545 885 1588 num
906 1527 953 1588 asts
973 1546 1011 1588 ea
1032 1535 1078 1589 ost
1095 1527 1214 1612 mapsa-

157 1640 292 1707 coetu
326 1652 359 1704 ut
394 1643 537 1704 sumtuum
565 1639 712 1704 menaea
737 1640 868 1705 ninutas
891 1641 1030 1705 innormat
1056 1643 1131 1704 ustio
1160 1643 1213 1704 de-

155 1757 309 1845 pellunt?
349 1759 437 1844 αφά
455 1779 516 1822 uon
529 1754 653 1842 fuum
668 1755 725 1822 aed
742 1755 908 1822 inlustrare
920 1760 1023 1842 potius
1044 1757 1214 1844 uaquslalsm

158 1875 264 1941 solat.
307 1895 365 1960 quo
376 1873 420 1959 fil
440 1885 474 1938 ut
493 1872 693 1959 iuds'puomur
714 1897 764 1938 eoa
784 1897 875 1960 saepe
895 1873 1091 1960 aequa'aaa'ma’s
1116 1873 1214 1940 lomi-

158 1993 249 2058 suar
281 1991 458 2076 coats'pssssee.
506 1991 589 2056 uude
618 1989 759 2056 Cucullae
789 1990 859 2055 licet
886 1991 923 2056 a'a
952 1989 1052 2055 maruli
1079 1989 1213 2056 Nouium

160 2107 315 2175 sedmtem
346 2107 500 2172 mum
528 2119 626 2172 tumea
656 2107 800 2193 adpellut.
852 2127 916 2194 quo
945 2107 1016 2172 loco
1045 2127 1111 2173 nou
1139 2105 1214 2172 licet

160 2221 252 2290 abuti
278 2231 316 2288 ut
342 2221 581 2288 demonstretur
611 2219 775 2289 Catullum
802 2221 908 2310 ipsum
927 2222 1037 2299 ‚Nonii
1059 2220 1214 2310 carpendi

162 2361 279 2408 caussa
313 2335 466 2406 Strumae
504 2359 623 2405 nomen
665 2339 838 2406 inuenisse.
893 2339 952 2408 sed
993 2339 1071 2406 illud
1112 2338 1215 2405 Nonii

161 2479 282 2525 nomeu
302 2453 475 2523 ridiculum
496 2478 569 2522 cum
591 2453 852 2536 Quadrantariae
872 2458 1065 2544 cognomine
1081 2455 1214 2524 Olodiae

162 2577 209 2658 (ιι.
237 2573 323 2640 iulus
350 2594 422 2660 cap.
458 2573 515 2657 ιιιι)
538 2581 571 2639 et
602 2573 769 2640 Mentulae
800 2573 994 2660 cognomine
1028 2571 1215 2639 Mamurrae

161 2692 210 2779 (ιι.
230 2690 317 2758 infra
338 2711 406 2778 cap
422 2689 500 2773 ιιιιι)
523 2698 557 2755 et
578 2711 650 2756 cum
672 2686 941 2778 Hierosolymarii
963 2687 1214 2778 Sampsicerami

160 2807 373 2876 Arabarches
400 2805 583 2872 nominibus
612 2805 747 2895 Pompei
776 2805 823 2890 (u.
853 2807 967 2872 Drum.
998 2805 1071 2873 hist.
1095 2827 1114 2870 ιι
1137 2803 1214 2881 226)

161 2935 196 2994 ot
210 2947 285 2991 curn
296 2922 398 2992 Gonia
410 2923 606 3010 cognomine
619 2923 774 2990 Auidieui
785 2921 956 2990 Horatiaui
968 2924 1014 3008 (ιι.
1026 2932 1085 2989 sat.
1100 2921 1147 2987 112
1159 2921 1215 3005 56)

162 3039 406 3130 conparandum
420 3051 489 3106 tum
504 3061 578 3106 cum
591 3035 739 3108 Catullus
756 3039 811 3106 illu
821 3039 958 3128 scripsit,
970 3038 1091 3106 dudum
1104 3047 1217 3104 uotum

162 3170 196 3226 et
207 3158 424 3226 inueterstum
440 3166 519 3222 erat.
558 3179 632 3222 uam
652 3157 724 3244 quis
737 3155 900 3224 Oatullnm
918 3155 1089 3245 putauerit,
1107 3154 1135 3221 si
1147 3157 1217 3244 ipse

163 3275 315 3344 Strumae
328 3295 447 3340 nornen
462 3273 639 3340 inuenisset
659 3283 692 3339 et
706 3271 739 3338 N
740 3272 815 3340 onio
836 3272 1014 3354 indidisset,
1039 3271 1216 3354 Vatinium,

162 3415 257 3481 quem
278 3413 353 3458 oum
376 3389 485 3458 Nouio
507 3389 601 3456 simul
630 3389 806 3478 uestigauit
832 3411 993 3477 quemque
1022 3399 1217 3456 strumosum

161 3511 261 3580 lu'use
275 3531 377 3598 supra
387 3507 538 3590 diximus,
553 3506 667 3574 eodem
680 3506 871 3595 cognomine
886 3505 1031 3573 cauillari
1047 3505 1216 3572 omisisse?

161 3631 269 3719 potius
292 3625 445 3695 Catullus
463 3623 606 3690 Nonium
623 3625 815 3712 cognomine
836 3623 947 3691 inlami
970 3632 1164 3690 strumosum
1188 3629 1221 3686 et

160 3745 332 3816 Vatinium
357 3763 494 3830 corpore
513 3751 709 3808 strumosum
730 3765 796 3809 uon
816 3743 887 3808 siue
906 3739 1045 3808 ludibrio
1067 3738 1221 3806 Strumae

156 3861 357 3960 cognomine
378 3867 456 3926 aute
475 3879 594 3926 nomeu
608 3856 710 3926 Nouii
726 3859 835 3951 posito
856 3855 1045 3927 coniunxit:
1062 3853 1152 3923 cuius
1174 3855 1221 3923 tei
