2920 4492
174 293 182 312 ⁰
262 337 295 390 ee
559 335 575 388 ι
608 335 658 390 un
673 335 868 390 sumamus
884 335 1038 388 csrvmr

261 501 427 568 Valerium
449 501 538 568 illurn
560 525 632 569 cum
654 504 692 570 L.
715 501 846 570 Valerio
867 501 947 568 iaris
968 501 1126 583 consulto,
1146 501 1188 566 erl
1207 521 1306 591 quem

260 617 376 687 Oieero
409 619 580 706 epistulam
601 644 609 683 ι
634 621 673 686 10
700 618 787 686 misit
813 629 847 686 et
875 641 972 707 quem
996 616 1030 684 in
1061 618 1154 706 epist.
1177 641 1207 684 ιιι
1241 622 1257 683 1
1285 617 1307 684 3

260 735 369 825 Appio
410 710 546 804 Claudio
586 736 770 824 proconsuli
812 735 1068 819 commendauit,
1123 747 1305 804 conectunt.

260 855 380 920 etenim
410 877 483 920 cum
513 877 554 920 ex
584 854 728 943 epistulis
749 878 769 920 a
789 853 897 920 Tullio
920 854 961 920 ad
989 853 1178 919 Trebatium
1206 861 1240 918 et
1265 853 1304 919 L.

258 971 426 1038 Valerium
461 971 564 1038 missia
606 981 777 1058 utrumque
818 972 972 1060 adpareat
1012 971 1091 1036 iuris
1125 969 1304 1036 consultum

261 1096 434 1174 utrumque
453 1109 526 1152 cnm
546 1085 705 1154 Cicerone
729 1085 842 1154 intime
860 1086 1079 1154 familiaritate
1100 1087 1305 1154 coniunctum

262 1213 435 1293 utrumque
465 1205 616 1270 iuuenem
647 1205 806 1286 iocosum,
838 1203 978 1292 denique
1009 1213 1199 1292 utrumque,
1230 1227 1305 1272 cum

260 1322 372 1388 eodem
394 1331 540 1409 tempore
559 1321 594 1386 iu
620 1318 793 1407 prouinciis
820 1318 861 1385 de
883 1321 952 1385 iure
974 1321 1214 1388 consulentibus
1240 1342 1305 1388 res·

259 1437 436 1527 ponderet,
465 1437 534 1503 fere
554 1437 724 1527 aequalem
742 1437 863 1521 fuisse,
896 1437 1081 1504 coniectura
1101 1438 1180 1504 satis
1199 1437 1305 1506 facilit

259 1577 297 1620 ac
317 1565 468 1643 prompta
488 1564 538 1622 est
557 1554 748 1620 Trebatium
770 1565 803 1620 et
823 1553 862 1620 L.
878 1553 1044 1621 Valerium
1066 1554 1186 1622 amieos
1206 1555 1305 1624 brisso

259 1681 293 1738 et
323 1669 511 1738 Ciceronem
545 1671 578 1738 in
611 1671 747 1761 epistula
778 1670 833 1738 illa
862 1673 902 1739 1..
925 1671 1091 1738 Valerium
1121 1671 1201 1738 iuria
1232 1695 1305 1740 con·

259 1791 379 1856 saltum
401 1790 538 1856 amicam
555 1811 647 1855 suum
664 1797 697 1856 et
711 1789 856 1856 Trebatii
871 1811 1150 1856 commemorasse.
1194 1788 1305 1878 quid?

259 1907 346 1994 quod
366 1929 469 1994 paene
491 1907 684 1972 coniecerim
706 1905 883 1990 Valerium,
905 1906 1015 1995 quiin
1037 1908 1115 1972 iuris
1133 1905 1306 1995 prudentie
1328 1911 1332 1920 '

256 2045 370 2112 perum
382 2024 530 2111 profecit,
541 2022 619 2089 iuris
632 2023 824 2111 prudentiae
836 2021 1055 2112 anteposuisse
1068 2023 1307 2112 studiapoetioa

257 2165 277 2206 e
299 2138 458 2206 Cicerone
487 2141 519 2205 in
551 2140 689 2229 epistula
710 2141 766 2206 ille
787 2139 978 2224 significata.
1021 2163 1085 2207 non
1109 2141 1210 2230 igitur
1229 2142 1307 2210 lieet

258 2259 331 2324 leco
359 2257 518 2346 epistulae
546 2255 716 2323 Tullianae
744 2257 791 2322 uti
822 2265 859 2322 ut
887 2257 955 2322 solo
983 2258 1113 2324 nomine
1142 2258 1306 2345 gentilicio

259 2373 405 2443 Catullus
445 2374 625 2463 adpellatus
661 2397 732 2440 esse
766 2377 931 2463 probetur.
986 2397 1094 2462 neque
1133 2377 1306 2464 quiequam

257 2493 396 2560 Roberti
428 2491 555 2580 Vngeri
588 2491 628 2558 de
649 2491 770 2580 Valgia
792 2492 879 2558 Ruro
901 2515 933 2580 p.
953 2493 1003 2560 45.
1023 2491 1091 2558 ,455
1112 2492 1307 2560 ariolationi·

257 2610 318 2677 bus
340 2609 381 2675 de
409 2609 532 2676 scholio
561 2609 604 2674 ed
630 2608 769 2695 Vergilii
797 2609 855 2674 ecl.
878 2631 919 2674 va
940 2610 983 2674 22
1003 2609 1185 2676 Veronensi
1213 2610 1307 2678 fectis

257 2727 465 2795 tribuendum
486 2737 552 2811 est,
580 2726 637 2816 qui
658 2735 766 2792 tamen
789 2749 820 2814 p.
842 2726 904 2792 206
925 2726 1012 2794 locos
1033 2749 1098 2794 non
1125 2728 1232 2794 nullos
1262 2737 1307 2794 et·

256 2844 339 2928 tulit,
360 2843 532 2932 inquibus
554 2864 670 2910 nomen
691 2843 815 2910 Valerii
837 2843 939 2909 solum
961 2866 1020 2932 pro
1042 2845 1175 2910 Valerio
1190 2843 1306 2912 Haece

255 2973 291 3028 et
312 2985 371 3051 pro
391 2961 522 3028 Valerio
544 2961 689 3027 Maximo
710 2959 865 3050 scriptum
886 2960 1055 3049 reperitur.

341 3077 428 3146 Satis
450 3079 552 3166 igitur
574 3087 764 3166 conpertum
783 3078 938 3145 babemus
961 3075 1126 3146 Catullum
1143 3077 1307 3146 eValerie

259 3205 357 3283 gente
378 3194 490 3262 fuisse.
532 3194 684 3262 Valeriae
699 3206 806 3262 autem
822 3194 930 3282 gentis
943 3217 1141 3285 quamquem
1162 3196 1308 3263 homines

258 3312 410 3403 permulti
431 3312 500 3378 noti
522 3312 617 3378 nobis
638 3323 730 3394 sunt,
757 3323 867 3380 tamen
887 3313 993 3380 nullus
1015 3313 1166 3380 Valerius
1187 3314 1221 3379 in
1241 3336 1307 3378 mo-

257 3431 422 3496 numentis
451 3431 601 3497 litteratis
622 3431 844 3497 Romanorum
866 3430 1000 3519 reperiri
1021 3439 1128 3519 potent
1148 3433 1205 3518 qui
1233 3454 1307 3498 cum

260 3547 391 3616 Catullo
412 3557 510 3635 poete
538 3569 612 3614 cum
634 3548 767 3637 eiusque
788 3547 911 3614 familia
931 3546 1176 3637 propinquitate
1196 3549 1307 3637 aliqua

259 3665 448 3732 coniunctas
470 3665 578 3748 fuerit,
600 3666 791 3752 praesertim
813 3687 886 3732 cnm
904 3687 1008 3752 pauca
1029 3675 1155 3732 tantum
1177 3666 1308 3734 nomina
1397 3679 1402 3688 '

258 3803 370 3850 eorum
386 3781 505 3872 quibus
519 3805 592 3848 cum
608 3781 735 3851 Catullo
751 3783 863 3849 eedem
877 3779 999 3850 familie
1013 3792 1094 3866 erat,
1107 3783 1149 3850 ed
1162 3792 1306 3850 nosbam

258 3899 447 3966 memoriam
482 3899 700 3988 peruenerint.
754 3920 829 3965 nam
864 3897 1068 3969 Valeriorum
1103 3897 1307 3970 (labellorum
