2954 4492
438 331 463 384 V
496 331 547 384 DE
561 331 740 385 AHORtifl
757 330 910 386 cauma
1165 335 1211 386 121

262 497 306 566 sn·
326 499 489 588 quicquam
510 500 618 584 cupido
638 498 811 586 optcnb'qoe
831 497 930 585 obb'pit
948 522 1094 586 umquam

314 616 494 700 sinopa-uerti,
516 617 571 681 boo
592 625 634 680 ert
650 626 776 702 prowm
795 615 898 680 auimo
913 621 1048 702 proprie.
1154 617 1159 624 '

262 753 361 820 quare
380 731 436 798 boo
456 743 501 798 est
518 742 644 819 prorem
663 733 811 818 nobisque
832 743 874 796 ost
895 736 1000 798 corius
1019 753 1098 798 asro

315 847 399 935 quod
416 859 444 912 te
465 848 607 931 restitues,
629 845 748 930 Lesbio,
769 848 818 912 mi
835 848 958 932 cupido,

261 965 398 1031 reob'turb
418 964 532 1060 cupido
552 976 641 1052 atqure
661 965 839 1051 insperanti,
861 965 934 1050 ipso
954 963 1058 1050 refero
1078 975 1105 1030 tc

312 1080 411 1146 nebia
452 1081 592 1148 olorem
613 1079 798 1147 condriiiore
817 1093 895 1162 nota

263 1197 338 1283 quis
357 1219 489 1263 maurae
510 1197 590 1262 auis
608 1195 743 1280 felicior,
764 1209 819 1262 out
838 1199 945 1286 mopis
967 1199 1026 1264 tae
1046 1217 1097 1262 rea

316 1311 473 1397 optandos
493 1317 556 1376 sero
577 1311 683 1378 dicere
703 1319 770 1398 quio
787 1317 924 1398 poter-ri?

162 1495 251 1584 quod
276 1515 408 1561 carmen
438 1495 557 1562 amoris
583 1495 674 1563 testie
704 1505 753 1562 cst
781 1497 850 1563 iere
876 1493 980 1561 insani
1008 1518 1073 1584 quo
1094 1497 1214 1566 Lesbia

164 1613 334 1680 Catullum
364 1611 426 1679 sibi
458 1612 660 1680 deuinxarat.
713 1621 750 1679 ut
786 1612 925 1700 primum
955 1610 1068 1679 Clodia
1098 1623 1213 1702 poetae

163 1729 335 1818 proposuit
365 1751 509 1795 amorem
540 1731 755 1817 interruptum
789 1729 1030 1818 redintegrare,
1067 1728 1214 1798 Catullus

163 1848 367 1936 propositum
388 1845 536 1934 accipere
550 1847 636 1913 laeto
658 1847 764 1913 animo
784 1869 848 1914 non
864 1855 1042 1932 cunctatur,
1063 1847 1119 1914 scd
1134 1847 1213 1914 deos

163 1964 308 2052 inploret
338 1972 375 2030 ut
408 1986 492 2053 quaa
523 1961 642 2031 Lesbia
669 1963 730 2030 sibi
751 1973 917 2052 praestare
938 1962 1122 2052 promiserit
1142 1974 1213 2032 rata

163 2101 234 2146 csse
255 2081 397 2148 iubeant
439 2081 481 2147 cf.
504 2102 634 2146 carmen
655 2098 741 2147 cuttu

265 2279 447 2363 luendum,
468 2304 537 2347 meo
556 2283 633 2360 uita,
654 2281 733 2349 mibi
749 2284 896 2368 proponis
915 2305 1058 2365 amorem,

315 2398 396 2463 bunc
415 2409 552 2464 coebum
572 2403 646 2464 ouer
666 2423 723 2464 eoos
741 2411 977 2487 perpetuumque
995 2399 1077 2486 fore.

265 2513 301 2581 di
319 2519 434 2603 mopsi,
454 2513 557 2601 facite
577 2528 611 2580 ut
630 2536 700 2581 nere
717 2517 891 2602 promittere
910 2516 1010 2601 possit

315 2643 405 2719 utque
417 2631 459 2698 'id
478 2631 598 2698 sincere
612 2633 692 2696 dicct
713 2644 741 2698 et
760 2656 799 2698 ecc
820 2635 928 2716 auimo,

264 2761 296 2814 ut
318 2749 408 2815 liceat
426 2749 514 2816 robae
536 2761 595 2814 toto
614 2748 789 2835 producere
809 2754 873 2815 uita

317 2875 470 2931 odorum
492 2866 547 2930 boc
567 2875 692 2932 coactae
702 2865 819 2952 sordue
839 2866 1007 2932 amicitiae.

163 3086 230 3153 quo
260 3065 404 3154 pressius
433 3074 467 3131 et
486 3065 612 3132 enixius
632 3075 729 3154 poeto
750 3065 827 3132 deos
848 3075 886 3134 ut
905 3065 1044 3134 Lesbiae
1072 3065 1213 3134 animum

163 3179 377 3248 moderentur
387 3191 520 3270 rogatos
535 3205 606 3248 esse
620 3184 701 3266 uult,
723 3193 759 3248 ut
774 3203 812 3248 aa
826 3182 955 3250 Catullo
971 3183 1066 3250 fidem
1082 3205 1214 3251 seruare

163 3287 313 3365 ‘sincere’
331 3309 364 3365 ct
384 3293 436 3365 ‘cx
457 3289 572 3366 animo'
591 3300 792 3388 polliceatur,
817 3322 856 3367 eo
878 3300 994 3368 darius
1014 3300 1215 3387 intellegitur

164 3416 351 3505 saepissime
373 3441 393 3484 a
413 3416 546 3484 muliere
566 3416 691 3504 perfida
710 3427 840 3505 poetam
862 3417 1028 3499 credulum
1043 3416 1212 3506 deceptum

164 3555 245 3602 esse.
289 3557 364 3602 cum
396 3533 523 3600 duobus
555 3534 822 3623 praecedentibus
854 3534 1051 3603 carminibus
1083 3557 1212 3602 carmen

164 3675 264 3719 xxxvi
294 3653 435 3718 Arrabo
470 3653 575 3718 Volusi
598 3664 706 3718 roceto
732 3656 838 3720 oborto
869 3653 1131 3739 coniungeudum
1154 3663 1212 3738 est,

162 3769 195 3836 in
217 3793 282 3860 quo
306 3768 451 3858 lepidum
472 3779 506 3836 ct
525 3770 669 3836 ioculare
690 3768 883 3838 sacrificium
903 3770 1026 3838 Veneri
1045 3779 1158 3837 uotum
1178 3780 1213 3837 at

160 3887 279 3962 sactum
316 3887 521 3956 describitur.
573 3886 695 3954 Lesbia
725 3887 810 3954 anim
841 3887 963 3955 Veneri
995 3895 1150 3972 uouerat,
1186 3884 1212 3952 si
