2970 4484
356 377 435 430 vnn
467 379 515 431 Da
534 377 691 433 causum
709 379 755 432 ET
774 379 1002 434 crasmarus
1153 385 1204 434 229

152 567 312 634 paeonem
333 545 471 634 primum
493 546 623 635 explere
643 569 739 637 posse
760 557 901 628 taceam,
936 547 1032 612 etiam
1056 547 1206 636 Scaliger

154 675 188 730 et
209 664 266 752 qui
285 664 372 729 hunc
392 673 544 731 secuntur
566 665 606 730 de
627 665 766 753 syniaesi
785 665 872 730 faeta
888 665 1069 752 cogitantes
1090 665 1204 732 fallun-

154 791 217 848 tur.
260 779 397 870 primum
426 783 512 848 onim
537 783 570 847 in
592 780 712 850 Catulli
736 782 929 849 carminibus
951 804 993 848 ne
1014 805 1113 848 unum
1135 783 1204 871 qui-

155 899 228 966 dem
257 909 379 965 eertum
407 901 590 988 exemplum
617 899 627 965 i
655 899 784 967 litterae
811 900 844 965 in
873 921 1046 966 consonam
1068 900 1205 988 pingue·

154 1017 260 1083 factae
280 1016 449 1106 reperitur.
494 1040 567 1083 nam
591 1039 676 1106 quae
698 1017 847 1106 exempla
869 1015 943 1083 olim
959 1017 1058 1104 uulgo
1074 1039 1202 1082 cnume

152 1134 328 1218 nubantur,
359 1135 477 1223 partim
488 1183 497 1219 ,
534 1157 606 1201 cum
633 1134 715 1202 falso
748 1136 867 1223 scripta
896 1145 1002 1201 essent
1030 1135 1132 1218 (amin
1162 1136 1202 1200 37

152 1251 386 1318 Pharsaliam:
408 1253 451 1318 cf.
479 1251 617 1341 Hauptii
638 1254 705 1319 obs.
735 1251 806 1318 crit.
835 1277 865 1341 p.
887 1251 937 1336 68,
965 1271 986 1318 o
1007 1251 1028 1316 2
1058 1253 1204 1320 Veroam·

153 1371 237 1436 st‘um
258 1391 323 1434 xtra
345 1369 384 1434 18
406 1369 564 1456 Aquinius
590 1387 646 1435 Lx!
670 1369 730 1434 124
750 1371 782 1435 a'o
803 1368 954 1455 Hymen),
985 1368 1050 1434 iam
1078 1369 1202 1458 pridem

121 1499 125 1506 '
152 1510 197 1554 ex
225 1485 420 1552 editionibus
447 1497 573 1552 remota
599 1497 689 1570 sunt,
720 1485 836 1576 partim
866 1485 928 1553 alia
959 1486 1104 1570 ratione,
1135 1509 1202 1554 non

152 1625 213 1694 per
235 1603 405 1692 synizesim
427 1602 618 1690 explicanda
636 1611 721 1687 sunt,
744 1603 846 1669 ueluti
866 1623 924 1669 uxr
944 1602 1006 1668 220
1027 1605 1203 1670 semihiante

152 1731 187 1788 et
209 1741 275 1788 Lxu
296 1721 337 1786 57
360 1721 530 1803 coactitiam,
553 1720 593 1786 de
615 1720 731 1806 quibus
753 1719 791 1786 L.
807 1719 983 1786 Muellerus
1005 1719 1044 1786 de
1058 1743 1094 1786 re
1107 1729 1199 1786 metr.

151 1865 185 1930 p.
207 1837 278 1906 258.
300 1839 362 1904 260
383 1848 471 1904 recte
491 1836 655 1903 iudicauit.
698 1859 803 1925 neque
824 1835 962 1926 deniquo
982 1859 1095 1904 uersus
1115 1837 1200 1904 illius

152 1977 200 2024 nv
224 1957 262 2022 10
284 1953 458 2022 camertem
479 1957 564 2034 miti,
593 1958 744 2040 pessimae
769 1955 890 2039 puellm
916 1955 1110 2022 uocabulum
1138 1957 1200 2044 pri·

151 2096 241 2142 mum
263 2095 337 2140 cum
358 2071 565 2139 Lachmanno
589 2073 628 2138 ad
649 2071 836 2138 Lucretium
859 2097 890 2161 p.
915 2073 983 2140 130.
1007 2074 1082 2156 193,
1104 2096 1201 2163 quem

149 2191 192 2258 L.
216 2191 390 2258 Muellerus
412 2189 453 2256 do
473 2210 509 2255 re
529 2189 664 2255 metrica
685 2214 716 2278 p.
738 2190 799 2256 257
822 2191 984 2279 sequitur,
1014 2191 1116 2259 tribus
1137 2194 1199 2280 syl·

150 2309 234 2376 labis
257 2307 463 2396 (Oamirjam)
492 2305 691 2374 efferendum
718 2330 788 2372 esse
816 2308 894 2374 mihi
913 2309 1108 2396 persuadere
1128 2330 1198 2395 pos-

151 2450 244 2503 sum,
287 2425 343 2492 sed
379 2425 413 2492 id
444 2447 503 2514 pro
539 2447 662 2512 paeone
696 2435 811 2514 quarto
851 2425 1049 2494 confidenter
1083 2427 1197 2510 habco,

149 2547 199 2611 ita
220 2553 342 2611 utnon
368 2553 437 2610 tam
458 2541 726 2631 pronuntiationis
753 2543 957 2610 insolentiam
987 2568 1085 2633 qnam
1112 2545 1200 2610 basis

149 2661 313 2730 licentiam
335 2660 498 2749 quandam
520 2669 688 2727 statuam:
710 2682 793 2748 quae
815 2683 887 2726 cum
910 2683 947 2726 eo
970 2663 1055 2749 quod
1077 2661 1110 2727 in
1130 2663 1200 2728 uni·

150 2802 283 2847 uersum
315 2801 428 2844 uersus
462 2778 641 2864 logaoediai
676 2778 708 2843 in
741 2778 812 2844 basi
842 2779 1014 2867 praecipuo
1047 2803 1066 2845 a
1095 2780 1199 2868 poetis

151 2896 289 2966 Graecis
309 2895 440 2962 liberius
457 2896 660 2963 habebantur
683 2895 886 2984 aliquatenus
908 2895 1108 2980 defenditur,
1130 2907 1198 2963 tum

149 3015 185 3081 in
207 3013 319 3102 primis
340 3034 379 3078 eo
401 3013 435 3078 in
457 3013 601 3078 carmine
629 3034 693 3100 quo
720 3011 753 3078 in
782 3014 921 3100 gratiam
949 3014 1125 3080 sententiae
1148 3015 1199 3099 (ut

149 3153 186 3198 se
208 3128 367 3196 currendo
389 3129 603 3216 defatigatum
631 3151 782 3195 uersuum
810 3131 964 3196 tarditate
987 3130 1197 3216 describeret)

150 3248 282 3337 dactylo
312 3247 477 3334 phalaeoei
508 3247 636 3335 saepius
662 3257 827 3314 contracto
850 3247 997 3315 Catullus
1032 3272 1052 3314 a
1085 3271 1201 3316 norma

148 3387 254 3455 paene
275 3363 453 3430 inuiolabili
474 3365 661 3452 longissimo
687 3363 877 3443 declinauit,
908 3375 1006 3455 atque
1026 3366 1060 3432 in
1081 3387 1119 3432 eo
1142 3389 1198 3454 po-

149 3483 312 3550 tissimum
332 3503 430 3548 uersu
446 3491 478 3549 et
498 3483 570 3548 loco
593 3504 656 3570 quo
677 3482 765 3548 basis
786 3483 939 3550 tribrcuia
961 3483 1197 3550 uehementiam

150 3609 185 3666 et
203 3599 402 3666 celeritatem
417 3609 535 3688 poetae
550 3599 779 3688 interrogantis
793 3601 913 3690 optime
932 3602 1115 3690 exprimens
1129 3625 1200 3668 sen·

150 3717 200 3784 sui
222 3739 318 3806 quam
340 3716 482 3783 maxime
500 3716 748 3784 adcommodata
763 3727 821 3802 est,
844 3719 972 3784 ueniam
992 3719 1199 3786 iustissimam

149 3835 259 3901 habet.
303 3835 360 3901 sed
384 3835 481 3900 etiam
497 3835 524 3900 si
545 3833 622 3902 illud
646 3833 820 3924 Oomirjum
841 3837 1067 3926 probaremus,
1088 3849 1197 3903 tamen

148 3953 221 4020 ideo
243 3951 379 4020 alterum
401 3951 482 4018 illud
496 3951 683 4042 Formpbaaa
704 3954 792 4020 nullo
807 3954 902 4021 modo
925 3955 1008 4020 tueri
1022 3974 1195 4041 possemus.
