2970 4484
261 339 311 392 936
461 335 537 388 v1111
571 335 619 386 Du
637 331 1107 389 comarumcomarum

260 525 357 595 quam
391 500 523 570 Caesari
558 523 688 568 carmen
721 502 783 567 hoc
816 501 971 568 mouisset
1001 500 1166 569 Catullum
1199 503 1306 590 ipsum

260 622 293 687 in
322 621 461 686 carmine
489 640 554 686 nun
582 619 771 707 respexisse.
821 620 898 686 item
920 641 1016 707 supra
1035 641 1068 707 p.
1089 619 1149 684 207
1172 619 1306 686 adnota-

259 739 365 807 uimus
396 759 524 804 carmen
552 759 661 805 xxvuu
693 739 778 803 intra
810 759 928 804 annum
960 736 1014 823 qui
1047 760 1066 803 a
1095 759 1205 803 mense
1237 737 1306 804 fere

260 854 444 946 Septembri
466 857 541 922 anni
562 855 680 932 699l55
702 875 804 942 usque
830 853 872 918 ad
900 875 1041 919 mensam
1069 852 1207 920 eundem
1228 853 1305 920 anni

259 975 377 1052 700154
397 973 459 1038 suit
479 973 631 1060 scriptum
654 994 724 1038 esse
746 996 754 1036 ε
776 971 870 1036 simul
890 981 998 1036 tamon
1012 969 1211 1058 probabilius
1233 993 1304 1040 esse

259 1093 399 1158 diximus
420 1089 453 1156 id
474 1091 627 1156 extremis
649 1089 723 1155 anni
746 1089 863 1166 699155
884 1087 1047 1154 mensibus
1076 1110 1172 1177 quam
1191 1086 1304 1176 priori·

258 1210 319 1276 bus
341 1207 504 1296 sequentis
526 1206 688 1274 Catullum
709 1207 835 1272 fecisse.
877 1204 953 1270 inde
974 1206 1167 1294 contigimus
1184 1205 1305 1274 Catulli

259 1325 511 1408 exeusationem,
533 1346 630 1413 quam
649 1321 823 1392 Suetonius
846 1325 1118 1407 commemorauit,
1140 1345 1205 1390 non
1228 1335 1304 1392 ante

258 1453 448 1510 autumnum
469 1442 545 1508 anni
559 1441 676 1518 oeeloo
690 1441 762 1508 fieri
775 1441 927 1528 potuisse.
971 1441 1203 1508 adcuratiorem
1224 1450 1303 1508 tem·

258 1561 346 1648 poris
368 1559 585 1627 definitionem
607 1558 717 1625 nescio
740 1581 780 1624 an
796 1558 1019 1647 adsequamur,
1041 1560 1068 1625 si
1082 1558 1303 1627 demonstrare

257 1677 351 1744 nobie
373 1677 543 1766 eontigerit
564 1677 694 1744 ubinam
721 1673 868 1742 Catullus
895 1673 1026 1742 Caesari
1049 1677 1193 1765 grauiter
1212 1678 1302 1744 laeso

257 1796 335 1863 satis
363 1795 485 1862 feeerit.
527 1795 653 1861 Romae
681 1794 829 1862 Catullus
856 1793 1005 1862 Caesaris
1035 1795 1162 1861 ueniam
1189 1806 1302 1883 petere

257 1936 324 1979 non
354 1913 479 2002 potuit,
512 1935 585 1978 cum
613 1911 734 1979 Caesar
756 1911 936 1978 Galliarum
956 1911 1128 2000 proconsul
1156 1911 1231 1980 inde
1259 1914 1300 1980 ab

258 2053 342 2098 anno
361 2031 477 2108 696168
498 2051 601 2120 usquo
623 2029 662 2095 ad
684 2053 802 2096 annum
823 2029 988 2106 705149111
1004 2028 1117 2096 Galliis
1133 2030 1301 2096 Britannia

259 2149 434 2216 Germania
454 2161 707 2214 commoraretur
733 2170 838 2236 neque
867 2149 897 2214 ei
925 2147 1124 2234 prouinciam
1153 2147 1301 2214 deserere

256 2267 377 2334 liceret.
420 2267 530 2355 itaque
559 2265 720 2333 Catullum
746 2265 807 2334 nisi
837 2266 870 2332 in
898 2265 969 2352 ipsa
998 2263 1166 2352 prouincia
1194 2264 1302 2334 Gallia

256 2385 466 2452 acerbitatem
498 2384 674 2450 carminum
707 2405 838 2450 suorum
868 2393 1076 2450 excusantem
1108 2380 1230 2450 Caesar
1262 2384 1302 2450 ad

256 2525 368 2569 cenam
395 2502 535 2570 inuitare
561 2525 625 2569 non
654 2502 767 2589 potuit.
817 2501 851 2566 in
874 2499 983 2568 Gallia
1010 2509 1118 2567 autem
1139 2499 1301 2568 Catullum

258 2619 390 2687 Caesari
409 2620 612 2686 satisfecisse
628 2640 665 2685 eo
684 2619 790 2685 minus
805 2617 1035 2686 dubitationem
1049 2641 1180 2684 mouere
1195 2628 1303 2706 potest

258 2736 345 2827 quod
366 2746 399 2803 et
418 2735 565 2820 Verona,
593 2735 679 2802 undo
700 2747 798 2824 poeta
819 2735 974 2802 oriundus
996 2746 1080 2820 erat,
1101 2735 1200 2823 ipsius
1223 2735 1302 2804 Gal·

256 2855 319 2920 liae
349 2854 527 2932 citerioris,
559 2876 656 2943 quam
687 2852 809 2921 Caesar
840 2845 932 2920 simul
963 2875 1035 2920 cum
1068 2853 1220 2920 ulteriore
1248 2854 1301 2921 ad·

255 2961 467 3049 ministrabat,
488 2973 565 3038 urbs
579 2971 642 3038 fuit
659 2983 691 3038 et
706 2970 836 3055 Caesar,
859 2973 1006 3059 quotiens
1025 2971 1071 3037 ibi
1086 2973 1303 3040 commoraba-

256 3100 330 3168 tur,
364 3088 504 3177 hoapitio
539 3087 660 3155 Catulli
695 3087 796 3177 patris
828 3109 905 3154 naue
936 3098 993 3154 est.
1057 3111 1161 3178 neque
1193 3100 1302 3157 tamen

257 3208 420 3274 Catullum
442 3215 509 3273 tam
529 3207 708 3274 studiosum
724 3216 756 3273 et
771 3206 920 3295 cupidum
935 3207 1019 3272 illius
1033 3205 1303 3275 reconciliationis

255 3325 355 3392 briaae
375 3324 541 3414 probabile
570 3335 618 3390 est
646 3335 682 3391 ut
709 3326 778 3412 ipse
799 3323 972 3391 Caesarem
999 3324 1117 3392 alicubi
1138 3324 1172 3390 in
1194 3324 1303 3392 Galba

256 3444 470 3532 Transalpina
495 3453 665 3531 quaereret
695 3452 728 3508 et
754 3443 905 3508 uiseret:
933 3443 1072 3510 reditum
1101 3441 1136 3508 in
1165 3443 1303 3531 gratiam

256 3573 324 3626 tum
344 3560 459 3649 potius,
482 3583 553 3626 eum
569 3560 740 3650 aliquando
757 3558 935 3626 aduersarii
955 3560 1019 3626 duo
1035 3561 1068 3626 in
1083 3559 1215 3648 regiona
1230 3583 1303 3650 poe·

256 3689 309 3746 tae
331 3679 436 3766 patria
458 3689 741 3761 commorarentur,
762 3679 911 3744 effectum
928 3700 996 3744 esse
1012 3679 1146 3744 conicio.
1177 3689 1211 3746 at
1226 3701 1303 3745 num

257 3795 378 3864 Caesar
398 3819 436 3864 eo
459 3809 604 3884 tempore
626 3819 689 3885 quo
707 3795 923 3864 reconciliatio
944 3797 998 3863 illa
1016 3797 1102 3865 facta
1117 3798 1160 3864 eit
1173 3819 1303 3864 necesse
