2970 4484
264 339 316 391 284
465 333 542 386 vm}
575 335 624 388 Dli
642 334 798 389 usuales
815 335 863 388 ΕΤ
880 335 1109 390 csssfflsms

260 503 351 569 cuius
379 523 529 568 mensura
558 502 688 591 quidem
719 525 793 568 cum
823 525 974 570 mensura
994 501 1146 570 uccabuli
1165 497 1310 591 ‘phaseli'

260 619 429 707 aequanda
455 630 539 703 erat,
573 620 629 686 sed
656 621 688 687 in
716 622 807 686 cuius
828 619 950 708 syllaba
972 619 1075 708 prima
1095 629 1161 686 tres
1181 620 1310 686 litterae

258 738 384 824 priores
405 738 544 803 nominis
558 737 651 802 Bassi
667 735 780 804 ordine
793 736 924 802 inuerso
943 745 1064 802 extant
1106 737 1200 804 aliter
1220 759 1309 804 men·

258 876 334 921 sura
355 855 521 922 nominum
542 856 756 941 genuinurum
777 854 845 919 fere
867 853 1016 941 neglecta
1037 854 1167 920 nomina
1187 853 1308 921 Latina

258 972 291 1038 ui
319 971 517 1060 adpellatiua
543 979 690 1060 respecta
715 973 749 1037 in
772 968 935 1038 Graecum
956 991 1114 1038 conuersa
1134 981 1209 1038 suut
1230 997 1238 1038 :
1259 970 1306 1038 sic

258 1087 415 1155 Horatius
436 1088 572 1176 Telephi
587 1087 745 1154 Martialis
765 1097 798 1154 et
813 1085 935 1155 Statius
947 1085 1115 1154 Ianthidos
1137 1087 1306 1154 etAsteri·
1373 1127 1379 1140 ·

258 1205 316 1271 dos
339 1204 487 1272 Catullus
514 1226 626 1271 sonum
659 1204 754 1272 etiam
780 1215 813 1271 et
838 1227 1019 1272 mensnram
1042 1203 1179 1270 nominis
1198 1205 1307 1294 primi·

259 1323 346 1410 genii
373 1325 515 1388 imitatus
544 1322 600 1405 (cf.
623 1344 721 1410 supra
741 1345 771 1410 p.
794 1321 867 1406 151)
896 1321 1003 1388 Thalli
1033 1323 1163 1389 nomina
1190 1325 1306 1390 forme·

258 1449 386 1506 uerunt.
429 1440 570 1528 danique
592 1440 673 1506 alius
694 1440 822 1526 generis
844 1449 919 1506 sunt
939 1441 1070 1506 uomina
1092 1463 1175 1528 quae
1194 1441 1305 1508 nescio

257 1579 299 1622 an
321 1557 442 1623 rectius
463 1559 657 1644 cognomina
679 1557 756 1623 ficta
782 1556 938 1645 adpulsa,
967 1579 1050 1646 quae
1071 1558 1151 1624 nihil
1174 1557 1304 1624 omuino

257 1697 329 1741 oum
360 1695 441 1740 sono
474 1685 507 1741 et
533 1696 667 1740 numero
696 1674 862 1740 nominum
889 1677 1104 1762 genuinorum
1133 1697 1305 1741 commuue

256 1792 376 1859 habent
404 1791 459 1858 sed
488 1794 557 1858 sula
586 1813 627 1856 ex
656 1795 688 1858 ni
710 1813 817 1858 rerum
839 1792 1022 1874 trahuntur,
1054 1805 1090 1858 ut
1112 1791 1305 1872 Quintiliani

256 1909 364 1977 uerbis
385 1921 473 1991 utar,
502 1909 556 1997 qui
585 1909 647 1974 hoc
673 1932 778 1996 genus
805 1909 887 1975 nsua
909 1909 1042 1997 petendi
1063 1911 1169 1976 acrius
1190 1919 1223 1976 et
1243 1910 1304 1976 ele

256 2025 387 2115 gentius
413 2049 510 2115 quam
539 2027 625 2115 quod
654 2049 696 2093 ex
716 2027 895 2092 litterarum
918 2027 1168 2093 commutatione
1187 2027 1244 2094 fiat
1272 2038 1305 2093 et

257 2152 363 2210 aetate
376 2166 433 2209 sua
448 2143 745 2231 frequentissimum
763 2165 834 2210 esse
851 2141 950 2209 dicit:
971 2144 1017 2210 ita
1035 2142 1148 2210 Iunius
1170 2144 1304 2227 Bassus,

256 2261 303 2326 nti
316 2259 534 2342 Quintilianus
548 2271 668 2344 narrat,
682 2271 816 2349 propter
832 2261 1035 2328 dicacitatem
1049 2255 1181 2326 ‘Asinus
1192 2255 1303 2344 albus',

256 2376 302 2444 ita
322 2375 423 2443 Iulius
450 2377 580 2467 quidam
608 2378 704 2444 homo
732 2377 828 2466 niger
855 2388 888 2445 et
910 2401 1017 2445 macer
1039 2389 1072 2446 et
1093 2377 1218 2466 pandus
1238 2373 1303 2444 ‘Fi-

255 2495 331 2562 bula
359 2489 474 2562 ferrea'
502 2497 697 2579 uocabatur,
732 2495 778 2562 ita
810 2494 927 2562 Furius
955 2494 1133 2562 Bibaculus
1165 2492 1304 2562 Messius

255 2611 434 2678 Auidienus
462 2612 600 2679 Perillus
628 2611 800 2678 Horatiani
830 2613 1024 2700 cognomina
1052 2611 1165 2701 Alpini
1186 2611 1304 2679 Cicirri

255 2727 353 2796 Canis
374 2727 507 2797 Cicutae
536 2730 622 2796 nacti
650 2741 744 2813 sunt,
775 2730 821 2796 ita
842 2739 1059 2818 cognomenta
1079 2729 1134 2795 illa
1154 2729 1304 2796 militaria

255 2846 363 2936 qualia
384 2846 530 2934 Sirpicus
550 2842 650 2915 ‘Cedo
673 2837 815 2915 alteram'
835 2847 955 2932 (Taciti
975 2850 1016 2915 ab
1038 2869 1106 2912 exc
1122 2845 1198 2912 Diu.
1213 2847 1302 2934 Aug.

255 2986 263 3028 ι
285 2963 339 3046 23)
359 2957 469 3030 ‘Manu
491 2963 533 3030 ad
552 2958 683 3030 ferrum'
703 2965 854 3052 (Vopisci
870 2962 1067 3030 Aurelianii
1088 2987 1118 3052 p.
1135 2963 1193 3030 lut
1212 2963 1301 3051 Bip.)

255 3091 349 3163 sunt,
384 3082 431 3147 ita
464 3081 722 3161 Quadrantariae
756 3079 1024 3169 Hierosolymarii
1056 3078 1304 3169 Sampsicerami

255 3199 477 3284 Arabarches,
499 3201 543 3266 ita
560 3198 710 3268 Strumae
726 3199 920 3288 cognomina
935 3207 1006 3264 orta
1020 3207 1095 3264 sunt
1109 3197 1164 3284 (oi
1179 3221 1211 3286 p.
1223 3198 1279 3282 3⁷)
1295 3220 1304 3262 ε

255 3315 365 3404 itaque
379 3317 545 3383 Mentulae
560 3339 690 3405 quoque
710 3339 829 3382 nomen
845 3314 992 3384 Catullus
1014 3316 1191 3403 usurpauit.
1230 3337 1304 3381 oon·

255 3444 307 3500 tra
341 3433 484 3500 Firmani
519 3434 712 3501 uocabulum
747 3433 776 3500 ei
810 3435 923 3522 generi
958 3432 1122 3499 nominum
1154 3431 1304 3499 lictorum

256 3549 494 3618 attribuendum
515 3562 565 3618 est
586 3553 672 3640 quod
694 3552 792 3620 habet
810 3574 944 3640 paruam
967 3549 1146 3618 litterarum
1168 3550 1304 3617 inmuta·

255 3667 387 3733 tionem.
431 3691 496 3734 una
524 3669 609 3734 enim
635 3668 743 3734 littera
770 3668 862 3734 uerbi
890 3666 1072 3756 primigenii
1095 3677 1218 3734 mutata
1239 3691 1305 3734 una

256 3785 402 3850 detracta
429 3795 494 3869 est,
524 3796 561 3852 ut
590 3785 680 3852 uocis
707 3807 765 3873 pro
787 3784 962 3852 Formiano
991 3785 1185 3853 substitutae
1205 3805 1304 3850 sonus

257 3900 434 3968 simillimus
463 3911 593 3989 praeter
620 3925 736 3969 nomen
757 3903 900 3969 uicinum
921 3899 1087 3970 Mensulas
1116 3913 1149 3970 et
1175 3911 1303 3991 praeter
