2920 4492
268 341 302 392 64
535 335 586 388 Illl
621 337 668 388 DE
684 333 863 390 mouture
881 335 1039 390 (MVLLI

267 505 456 572 confidimus
487 525 570 593 quae
600 503 749 571 Olodiam
778 513 812 572 et
844 504 1046 573 libidinosam
1077 514 1111 571 et
1145 503 1316 571 scelestam

268 622 432 688 mulierem
463 619 562 687 fuisse
593 620 777 708 probarent
829 619 894 688 iam
929 619 1094 708 quaeritur
1129 641 1194 709 quo
1229 641 1317 686 anno

269 736 373 806 (laelii
402 757 495 803 amor
527 736 663 806 Clodiae
694 737 862 803 exarserit.
916 759 981 824 qua
1021 736 1062 802 de
1094 759 1130 802 ra
1160 737 1317 803 adnotan-

269 855 345 922 dum
386 863 437 922 ast
481 855 771 943 Iungclaussenum
812 855 847 938 (l
890 877 917 919 c.
959 876 990 942 p.
1036 853 1089 936 14)
1131 853 1193 920 etsi
1234 853 1318 920 falsa

268 995 334 1039 non
375 971 504 1055 docuit,
546 981 654 1038 tamen
692 971 733 1038 ad
779 980 878 1038 testes
912 971 1045 1037 fallaces
1077 969 1316 1058 prouocauiasa.

268 1089 543 1178 Iungclauasenus
565 1089 650 1154 enim
673 1111 714 1154 ex
736 1087 780 1153 eis
802 1109 886 1176 quae
906 1089 1116 1154 Drumannus
1131 1087 1197 1154 HR
1213 1109 1231 1153 n
1252 1088 1316 1153 412

270 1206 433 1294 congessit
463 1203 621 1294 adparere
650 1205 695 1271 ait
733 1203 878 1272 Caelium
909 1203 1031 1270 Rufum
1066 1224 1151 1270 anno
1187 1203 1318 1270 demum

269 1322 386 1399 695169
408 1345 449 1387 ex
470 1321 602 1404 Africa,
624 1321 680 1386 ubi
703 1319 742 1400 Q.
765 1321 899 1404 Pompei
919 1321 998 1388 Rufi
1019 1321 1222 1408 proconsulis
1242 1343 1315 1388 con·

269 1437 446 1506 tubernalia
467 1436 591 1522 fnisset,
612 1458 781 1502 reuersum
802 1459 879 1504 mox
900 1437 933 1502 in
955 1436 1053 1504 aedes
1070 1435 1204 1504 Clodiae
1224 1436 1316 1504 inmi-

270 1555 423 1642 grauissa
465 1554 520 1620 sed
551 1575 635 1620 anno
662 1553 779 1632 695169
808 1555 936 1620 demum
965 1552 1111 1620 Caelium
1140 1576 1182 1620 ex
1204 1554 1317 1620 Africa

269 1669 403 1736 rediisse
433 1691 539 1757 neque
571 1671 657 1736 ullus
678 1679 824 1736 ueterum
853 1670 1047 1758 scriptorum
1067 1671 1157 1736 locus
1178 1679 1317 1736 testatur

268 1811 374 1878 neque
395 1787 603 1854 Drumannus
631 1788 700 1874 ipae
729 1787 918 1854 adfirmauit
960 1787 1060 1853 nihilo
1080 1789 1186 1854 minus
1206 1797 1316 1854 tamen

269 1906 354 1972 idam
369 1905 578 1970 Drumannua
593 1904 632 1971 de
647 1904 743 1970 rebus
764 1926 830 1970 non
850 1904 946 1970 nullis
963 1927 1035 1970 cum
1050 1903 1110 1970 hac
1125 1907 1317 1993 quaestione

268 2023 447 2089 coniunctis
469 2045 534 2087 non
555 2022 684 2088 omnino
711 2032 800 2088 reete
828 2023 979 2088 statuisse
1007 2020 1143 2086 uidetur.
1186 2041 1239 2086 rea
1269 2021 1316 2090 ita

270 2161 304 2206 se
332 2139 438 2205 habet.
482 2137 597 2204 Cicero
629 2139 662 2203 in
690 2137 864 2206 Caelianae
883 2138 926 2204 30
947 2138 988 2204 73
1015 2149 1126 2204 narrat
1155 2135 1312 2222 (laelium,

269 2279 341 2323 cum
363 2257 507 2344 paullum
526 2257 654 2324 roboris
674 2255 861 2324 accessisset
883 2255 950 2322 eius
971 2256 1089 2340 aetati,
1113 2255 1146 2322 in
1168 2255 1315 2322 Africam

270 2373 309 2454 Q.
324 2375 457 2462 Pompei
472 2375 671 2462 proconsulis
693 2374 955 2442 contubernalem
977 2375 1156 2462 profectum
1178 2395 1258 2457 esse,
1281 2383 1315 2440 et

269 2490 440 2560 Sallustius
455 2489 544 2576 (Ost.
555 2491 611 2578 30)
629 2491 668 2572 Q.
681 2491 871 2579 Pompeium
886 2490 1009 2558 Rufum
1024 2501 1207 2579 praetorem
1220 2489 1314 2556 initio

266 2611 384 2676 mensis
420 2608 616 2676 Nouembris
647 2631 676 2675 a.
708 2608 825 2686 691163
856 2618 964 2674 canat
1000 2606 1146 2694 Capuam
1181 2607 1314 2674 missum

267 2750 338 2795 esse
364 2737 400 2793 ut
428 2748 486 2814 pro
518 2736 664 2813 tempore
691 2736 787 2813 atque
815 2727 958 2813 periculo
980 2724 1056 2790 belli
1077 2725 1203 2791 seruilis
1226 2725 1315 2813 qnod

266 2845 400 2912 instaret
414 2843 617 2932 opprimendi
630 2865 745 2909 caussa
758 2843 935 2909 exercitum
950 2851 1147 2930 conpararet.
1184 2851 1314 2930 praeter

266 2961 325 3028 hos
346 2961 426 3027 duos
447 2961 536 3026 locus
558 2960 664 3026 nullus
685 2958 777 3025 adest
799 2981 863 3049 quo
879 2959 920 3041 Q.
936 2959 1108 3048 Pompeius
1129 2957 1237 3025 Rufus
1258 2958 1314 3024 ille

266 3089 544 3146 commemoratur.
588 3087 697 3143 tamen
720 3077 928 3144 Drumannus
962 3077 1116 3161 (1111316)
1150 3076 1249 3142 relart
1271 3075 1313 3157 Q.

266 3195 456 3284 Pompeium
477 3195 601 3262 Rufum
622 3204 804 3282 praetorem
828 3218 912 3262 anno
933 3193 1050 3272 691163
1072 3192 1219 3282 Capuam
1240 3193 1312 3259 mis·

266 3335 337 3379 aum
368 3312 413 3380 ibi
444 3334 502 3400 per
540 3334 667 3378 menses
706 3311 829 3401 aliquot
857 3311 933 3378 anni
964 3311 1082 3388 692162
1113 3311 1312 3396 remansisse,

266 3426 381 3494 deinde
403 3453 431 3495 a.
453 3429 568 3507 663161
592 3451 633 3495 ex
655 3439 808 3517 praetura
829 3428 1055 3516 proconsulem
1075 3426 1219 3494 Africam
1241 3449 1312 3516 pro·

265 3544 404 3612 uinciam
436 3545 684 3612 administrasse.
727 3557 760 3612 at
788 3545 873 3611 unde
905 3546 1113 3611 Drumannus
1145 3545 1237 3610 nouit
1268 3542 1310 3626 Q.

266 3663 456 3751 Pompeium
479 3663 703 3742 annotante
725 3665 759 3729 in
781 3684 862 3751 agro
886 3660 1052 3750 Campano
1078 3671 1311 3730 commoratum

265 3779 394 3848 fnisse?
436 3781 525 3848 nullo
546 3781 730 3849 testimonio
750 3781 832 3848 haec
853 3781 1013 3846 sententia
1033 3778 1226 3846 defenditur.
1268 3801 1311 3845 an

265 3899 475 3966 Drumannua
514 3898 555 3979 Q.
592 3899 748 3987 Pompeio
779 3897 938 3987 inperium
972 3898 1004 3964 in
1041 3917 1160 3964 annum
1192 3895 1311 3975 692162
