2920 4492
262 311 296 362 td
401 307 428 360 n
461 307 511 360 DE
528 305 633 361 suuis
648 305 784 360 ΝΔΤΔΙιῙ
799 305 847 358 ut·
862 303 995 358 rursm
1012 303 1166 358 cervum

262 476 393 542 iecerim
421 472 587 542 Catullum
613 473 691 540 tube
718 473 857 562 qaedam
884 473 972 539 lenta
1001 473 1208 560 absumptum
1229 493 1311 538 esse

262 592 466 658 adcuratiore
495 591 536 656 de
566 591 678 658 mortis
707 590 826 657 Cetulli
855 599 1001 677 tempore
1029 589 1098 655 erui
1130 599 1309 678 nequeunt.

262 707 358 776 etiam
378 711 479 776 uerba
499 730 583 796 quae
605 709 638 772 in
659 706 801 773 Cornelii
823 706 961 793 Nepotis
983 707 1050 771 uita
1072 706 1172 772 Attici
1196 706 1253 790 (12
1272 707 1308 786 4)

262 826 414 913 leguntur
448 825 546 907 haee,
582 827 662 889 iden
695 825 735 889 L.
773 823 892 890 Iulium
925 823 1086 899 Calidum,
1122 845 1208 910 quem
1238 835 1311 907 post

263 943 402 1008 Lumen
432 942 602 1030 Comllipue
633 954 757 1006 mortem
783 944 874 1006 multo
902 942 1160 1028 elegantissimum
1185 952 1309 1025 poetam
1359 1014 1363 1022 .

261 1071 394 1125 nostram
415 1060 518 1124 tulisse
537 1071 664 1124 oemtem
684 1080 755 1123 nere
774 1057 885 1123 uideor
904 1082 996 1143 posse
1016 1061 1191 1123 contendere
1211 1079 1309 1144 neque

261 1177 363 1241 munus
395 1177 495 1240 uirum
531 1177 640 1241 bonum
674 1177 857 1262 optimisque
891 1175 1007 1242 areta
1036 1175 1201 1258 wudetun,
1242 1185 1311 1258 post

258 1293 510 1378 presumptionem
550 1292 686 1377 equitum
728 1340 735 1357 .
787 1339 794 1356 .
844 1296 874 1356 in
915 1292 1153 1377 proscriptorum
1199 1311 1309 1356 nume-

261 1431 330 1472 rum
372 1453 380 1472 .
424 1458 432 1473 .
474 1408 625 1472 cosmon
653 1407 787 1472 relnttou
822 1407 995 1494 enpodsirit,
1031 1409 1064 1474 in
1100 1407 1161 1472 heo
1189 1405 1309 1494 disqui-

262 1524 378 1590 sitione
421 1524 540 1589 nullius
585 1544 690 1610 paene
731 1525 886 1590 momenti
929 1545 1000 1590 esse
1035 1536 1191 1612 possunt,
1234 1545 1309 1589 cum

261 1640 374 1729 Nepos
402 1639 458 1706 illa
485 1639 613 1706 circiter
641 1661 760 1706 annum
793 1641 909 1718 reolus
938 1641 1106 1728 scripserit
1141 1642 1197 1726 (ct.
1226 1640 1308 1729 Nip-

261 1757 372 1847 perdei
393 1758 626 1845 prolegomena
646 1758 688 1823 ad
709 1758 873 1846 Nepotem
887 1779 920 1844 p.
942 1760 1021 1841 ιιιιι).
1064 1779 1163 1822 unum
1185 1756 1307 1824 addere

261 1874 351 1942 lubet
371 1873 555 1963 Nepotem,
577 1897 650 1940 curn
671 1849 815 1942 Lucretii
837 1873 1021 1961 Catullique
1041 1874 1152 1940 mortis
1173 1875 1308 1941 mentio·

261 2014 334 2058 nem
349 1991 479 2072 feceret,
500 1991 630 2058 nomina
643 1993 689 2058 itu
703 1991 925 2058 conlocauisse
938 2000 975 2057 ut
991 1991 1146 2078 temporis
1161 1991 1309 2058 ordinem

261 2131 327 2176 non
355 2109 551 2196 neglegeret.
594 2107 780 2174 Lucretium
810 2108 894 2174 enim
926 2129 991 2173 non
1020 2108 1120 2174 multo
1149 2119 1225 2174 ante
1247 2109 1308 2176 Ca·

262 2224 376 2292 tullum
397 2247 481 2291 enno
502 2225 621 2303 699155
641 2247 682 2292 ex
705 2225 774 2290 uita
795 2223 972 2290 decessisse
993 2233 1130 2290 constet.

343 2341 414 2408 Iam
446 2363 559 2408 caussa
585 2342 770 2431 quaerenda
804 2351 855 2408 est
889 2364 954 2430 qus
985 2351 1092 2408 motus
1119 2341 1171 2406 nel
1200 2340 1309 2428 potius

262 2457 413 2526 seductus
461 2459 680 2546 Hieronymus
729 2459 897 2526 errauerit.
954 2469 1050 2546 atque
1098 2458 1308 2526 Lechmsnno

261 2574 472 2665 Hauptioque
494 2597 568 2641 enm
588 2597 690 2662 nsque
711 2575 753 2640 ad
771 2574 938 2641 Vatinium
958 2574 1122 2642 consulem
1144 2571 1309 2640 Catullum

262 2693 294 2757 in
324 2691 408 2758 uiuis
436 2691 536 2757 fnisse
563 2691 626 2759 sibi
657 2691 913 2779 persuasissent,
953 2689 1075 2781 aliquid
1110 2691 1309 2778 inuestigan-
1446 2693 1447 2740 ἒ

261 2807 337 2873 dum
364 2807 425 2874 fuit
455 2831 519 2897 quo
549 2808 661 2873 decem
692 2831 851 2875 annorum
880 2829 969 2874 error
995 2806 1187 2894 Hieronymi
1209 2807 1309 2895 expli·

261 2935 397 2992 caretur.
441 2926 527 3014 quod
548 2925 776 2992 Lachmannus
798 2925 859 2992 sibi
881 2925 969 2990 uisus
992 2933 1041 2990 est
1061 2923 1095 2989 in
1114 2923 1307 3011 Hieronymi

261 3041 449 3109 confusione
478 3041 616 3107 duorum
643 3042 810 3108 consulum
833 3039 1059 3128 cognominum
1081 3041 1242 3106 inuenisse
1264 3040 1307 3106 al·

258 3157 361 3224 terius
383 3155 444 3225 Cn.
468 3157 600 3226 Octauii
623 3155 685 3224 Cn.
706 3159 729 3222 f.
752 3156 812 3224 Cn.
833 3179 886 3239 n.,
919 3157 974 3244 qui
996 3179 1069 3224 cum
1091 3156 1130 3224 L.
1153 3156 1306 3226 Cornelio

259 3273 298 3340 L.
320 3274 341 3338 t
363 3274 402 3340 L.
424 3297 456 3340 n.
479 3274 584 3342 Cinna
606 3297 634 3340 a
656 3273 772 3352 667187
793 3273 905 3339 consul
924 3273 1002 3358 fuit,
1026 3295 1098 3340 cum
1120 3275 1221 3340 altero
1243 3273 1306 3343 Cn.

259 3388 399 3457 Octauio
426 3391 472 3458 M.
494 3391 516 3458 f.
540 3389 599 3457 Cn.
628 3415 676 3474 ιι.,
705 3391 762 3477 qui
791 3413 876 3456 anno
897 3389 1014 3469 678l'lss
1037 3389 1075 3458 C.
1101 3389 1307 3458 Scribonium

260 3505 297 3572 C.
319 3507 341 3572 f.
372 3506 546 3574 Curionem
578 3507 748 3595 conlegam
767 3507 800 3572 in
830 3507 1000 3574 consulatu
1028 3507 1149 3575 habuit
1193 3506 1306 3574 Hiero-

258 3646 392 3710 nymum
414 3623 499 3690 enim
520 3634 659 3712 postam,
680 3645 776 3710 quem
798 3622 859 3691 Cn.
881 3625 1020 3692 Octauio
1041 3623 1086 3690 M„
1108 3625 1132 3691 f.
1160 3622 1198 3692 C.
1220 3623 1307 3692 Scri·

258 3741 356 3810 honio
388 3741 530 3807 Curione
562 3763 644 3807 coss.
676 3741 708 3807 h.
737 3765 765 3808 e.
797 3763 883 3807 anno
910 3741 1028 3818 6‘l8l76
1055 3751 1166 3808 natum
1198 3741 1306 3808 dicere

259 3857 433 3941 debuisset,
453 3857 535 3926 falso
550 3857 705 3924 decennio
727 3858 815 3948 prius
835 3881 921 3926 anno
942 3858 1057 3936 667187
1080 3856 1141 3926 Cn.
1164 3857 1305 3926 Ootsuio
