2900 4478
509 708 798 804 FRAGMENTA

274 926 291 990 I
313 927 404 1000 (oiim
421 951 484 1012 pro
507 930 648 992 carmine
671 926 791 992 XVIII
813 929 1028 1010 uuoccraium)

207 1064 304 1160 iiunc
327 1095 437 1160 lucum
461 1095 518 1159 tibi
542 1095 655 1160 dedico
678 1117 903 1190 consecroque,
926 1095 1057 1179 Priape.

206 1233 270 1296 qua
293 1213 409 1278 domus
432 1225 489 1278 tua
511 1213 686 1297 Lampsaci
709 1225 760 1279 esc
782 1235 909 1296 quaque
932 1214 1060 1298 Priape.

206 1353 284 1397 nam
307 1341 339 1396 tc
360 1333 534 1415 praecipue
556 1333 591 1397 in
615 1333 685 1397 suis
709 1332 844 1398 urbibus
868 1333 1024 1398 coliium

205 1449 423 1534 hellespontia
444 1452 560 1516 ceucris
583 1453 753 1516 osiriosim·
774 1452 848 1516 oris.

632 1671 665 1735 Il

391 1824 431 1886 do
453 1845 527 1888 meo
549 1825 704 1907 ligurriue
727 1824 829 1887 libido
851 1831 909 1888 cst.

207 2027 218 2077 1
240 2027 305 2077 1-4
327 2026 481 2077 Terentianus
500 2025 605 2078 Maurus
624 2027 696 2078 2754
709 2045 732 2092 p.
745 2027 782 2077 92
799 2027 845 2078 Dm
861 2029 896 2079 m
914 2027 991 2080 ferme
1009 2029 1097 2082 modus
1114 2031 1155 2082 iiic

139 2112 215 2162 dstur
231 2130 247 2162 ι
264 2111 390 2179 plerisque
408 2111 507 2178 Priapo,
525 2111 594 2163 Inter
616 2129 677 2176 quos
695 2112 785 2164 cecinit
802 2129 900 2179 quoquc
918 2130 1017 2164 carmen
1036 2114 1087 2166 talo
1105 2115 1154 2166 Co-

138 2196 215 2248 iulius
237 2196 320 2247 ‘Hunc
342 2197 423 2248 lucum
442 2225 473 2233 -
493 2194 559 2247 orie'.
586 2197 619 2246 Et
635 2195 729 2248 similes
747 2197 833 2264 plures
856 2198 892 2249 sic
910 2200 1086 2265 conscripsisse
1104 2201 1153 2252 Ca-

137 2280 225 2332 tullum
248 2280 344 2331 Scimus
451 2283 458 2329 l
484 2280 544 2330 Aul.
568 2279 691 2330 Fortunat.
714 2281 790 2332 2676
809 2280 836 2331 P
849 2283 901 2332 317
921 2281 943 2332 G
965 2283 1005 2333 Ex
1022 2284 1069 2334 hac
1087 2286 1152 2336 diui-

137 2365 207 2416 sione
229 2375 254 2414 et
278 2365 394 2430 prispcus
416 2364 526 2414 nescitur
548 2381 644 2416 uorsus.
686 2367 756 2416 cuius
779 2367 918 2432 exemplum
941 2367 1006 2432 apud
1030 2369 1153 2420 Catullum

137 2449 218 2501 ‘Hunc
235 2449 316 2500 lucum
334 2449 379 2499 tibi
397 2449 486 2498 dedico
503 2465 670 2514 consumoque
689 2449 787 2516 Priupe’
806 2449 852 2516 (sic
864 2449 1018 2513 Gciey‘ordius
1035 2451 1153 2502 mendice

135 2535 260 2594 uciicuno,
287 2550 405 2584 consccro
428 2532 565 2598 dediccque
589 2532 731 2599 Hrtsciiius)
758 2535 787 2598 cs
811 2535 881 2584 en'am
903 2535 981 2585 2676
1003 2535 1029 2584 P
1047 2536 1099 2586 318
1123 2535 1153 2587 G.

135 2617 217 2668 deinde
235 2615 294 2667 idem
312 2617 387 2668 2697
405 2617 432 2668 P
446 2617 501 2668 349
522 2616 545 2667 G
568 2619 614 2668 Est
635 2619 699 2669 alius
722 2619 839 2685 priupeus
857 2620 899 2685 qui
918 2627 944 2669 et
963 2620 1088 2671 bucolicus
1107 2639 1151 2671 uo-

134 2712 216 2765 cetur,
235 2713 264 2752 uc
282 2703 363 2753 ‘Hunc
384 2731 415 2740 -·
433 2719 600 2769 cousecroque
618 2703 727 2769 Priape'.
756 2702 854 2754 Murius
881 2703 1013 2754 Victorinus
1036 2703 1111 2756 2667
1129 2705 1156 2756 Ρ

134 2788 189 2840 163
208 2786 231 2838 G
253 2787 319 2840 Item
337 2787 424 2839 ‘Hunc
443 2817 473 2825 -
493 2787 594 2838 dedico’
620 2788 710 2838 dehinc
728 2787 915 2854 ‘Consecroque
937 2789 1050 2856 Priape’.
1086 2791 1152 2856 quod

135 2883 240 2922 metrum
258 2873 386 2937 priupeum
405 2891 421 2922 a
438 2871 585 2938 quibusdam
609 2873 766 2936 aestimatur,
789 2873 862 2924 2698
880 2872 907 2921 P
921 2871 976 2923 267
996 2871 1019 2922 G
1041 2881 1069 2922 ut
1086 2875 1151 2940 apud

136 2956 262 3006 Catullum
282 2955 367 3005 ‘Hunc
388 2983 418 2992 —-
437 2973 601 3020 cousecroque
622 2956 733 3021 Priape,
760 2957 790 3020 cs.
813 2959 883 3006 stium
905 2956 985 3008 2666
1001 2955 1027 3004 Ρ
1047 2957 1103 3008 269
1121 2957 1152 3008 G.

140 3039 263 3088 Censorini
283 3039 325 3103 qui
345 3038 430 3088 dicitur
439 3040 533 3103 srcprn.
552 3039 662 3088 demetr.
680 3039 752 3088 2727
771 3039 798 3088 Ρ
813 3040 866 3090 467
885 3039 909 3090 G
927 3041 1049 3106 Priepcus
1067 3041 1152 3092 ‘Hunc

138 3153 166 3162 ·-
187 3140 354 3189 consecroquc
373 3123 480 3189 Priape'
583 3124 599 3172 2
617 3141 715 3189 queque
733 3123 797 3174 silus
815 3140 839 3175 m
855 3125 1027 3189 siluuqunque
1041 3123 1152 3190 Siliipiuc

136 3227 185 3277 qus
201 3220 337 3275 portusque
355 3207 485 3260 Santonius
505 3207 632 3274 Lampsaci
650 3209 700 3258 erit
716 3225 814 3274 quoque
827 3207 994 3258 Lucinianus
1011 3207 1047 3258 mi
1067 3208 1151 3260 Teren·

136 3295 223 3344 tionum
238 3311 265 3358 p.
275 3293 312 3344 92
331 3292 460 3359 Lampsaci
479 3292 526 3343 sits
544 3299 583 3341 est
599 3309 698 3358 qunque
716 3291 844 3341 Putochius
863 3291 928 3352 Quoi
941 3293 1150 3359 domus-quoi·

134 3396 180 3444 quc
198 3377 262 3429 silus
279 3376 427 3442 Dominqius
496 3377 520 3426 3.
538 3376 556 3425 4
573 3375 641 3425 Mur.
662 3376 746 3427 i'ictcr.
766 3375 840 3426 2699
858 3375 885 3425 Ρ
898 3375 955 3426 266
973 3375 997 3426 G
1017 3381 1150 3429 autetiam

133 3466 223 3515 cretico
236 3463 305 3529 prius
318 3479 415 3514 comme
427 3479 472 3527 pro
485 3461 585 3529 dactylo
596 3461 753 3521 terminetur,
772 3471 799 3510 ut
811 3471 849 3512 est
862 3460 928 3527 apud
942 3461 1065 3512 Catullum
1079 3461 1150 3514 ‘Nam

133 3557 158 3599 ie
176 3547 311 3614 prnecipue
329 3548 354 3598 in
373 3547 433 3598 suis'
453 3547 543 3597 dehinc
561 3546 743 3612 ‘Hellespontia
761 3545 861 3596 ceteris’
938 3545 955 3594 4
973 3547 1107 3597 ostreosior
1125 3563 1151 3600 ω

200 3649 224 3700 11
242 3645 336 3700 Nonius
354 3646 489 3698 Marcciiue
510 3647 560 3700 135
579 3644 617 3698 M.
636 3645 673 3698 92
691 3644 715 3696 G
754 3645 902 3711 ‘Ligurrire’
921 3645 1063 3712 degustare,
1083 3647 1150 3699 unde

134 3732 291 3800 cdligmim,
310 3733 388 3783 multe
404 3731 479 3782 auide
498 3747 644 3784 consumere
663 3763 728 3782 ....
748 3728 851 3782 Catulus
871 3729 961 3795 Priopo
980 3729 1025 3779 ‘de
1042 3747 1098 3781 mec
1119 3759 1149 3767 -

134 3817 189 3870 ευτ’.
208 3815 319 3868 Catullus
337 3817 430 3884 Pricpo
447 3816 551 3868 cdiiorcr
569 3813 646 3866 Nonii
662 3814 769 3881 Priapeo
787 3813 955 3866 Lmimuonm

913 3915 947 3966 22
