2954 4492
292 363 326 414 88
578 359 603 411 V
637 357 685 410 DE
703 355 884 412 silcamus
900 353 1054 408 aarum

295 535 348 592 tus
374 525 409 590 in
437 546 472 592 se
491 524 597 611 ipsum
618 535 660 588 e'x
681 522 775 590 huius
805 522 891 590 modi
919 521 1089 589 calumniis
1117 541 1232 590 eornm
1260 543 1347 610 quos

294 641 402 731 paullo
432 647 507 707 ante
537 640 571 706 in
605 639 783 707 amicorum
810 661 946 707 numero
987 639 1146 707 babuerat
1181 641 1346 706 maculam
1459 633 1460 666 ³

294 759 381 825 haud
402 757 598 824 mediocrem
619 755 733 824 relabi.
775 754 890 824 eodem
904 755 1004 845 igitur
1020 755 1089 822 fere
1110 754 1210 822 animi
1229 757 1345 846 inpetu
1459 785 1460 804 ι

295 885 328 943 et
350 874 465 941 ardore
478 874 695 941 inflammatus
708 873 769 940 boc
791 873 932 940 carmine
954 873 1103 942 adfirmat
1118 871 1229 942 (laelio
1244 873 1348 960 Rufo,

294 991 414 1059 homini
436 991 553 1080 stupris
574 989 741 1080 permultis
761 989 889 1075 infami,
921 991 1003 1057 birci
1025 1013 1141 1058 caussa
1169 1012 1235 1080 quo
1257 991 1349 1058 labo·

294 1119 345 1177 ret
372 1109 540 1176 mulierem
568 1108 689 1175 nullam
713 1101 826 1174 ‘fomur
849 1117 995 1174 tenerum
1024 1129 1210 1197 supponere
1239 1109 1349 1176 uello'.
1459 1121 1460 1212 l

294 1235 463 1314 praetcrea
482 1225 540 1291 uix
560 1224 672 1290 dubito
688 1223 766 1312 quin
782 1245 913 1291 carmen
929 1243 1019 1292 nvem
1033 1224 1238 1292 Bononiensis
1252 1223 1350 1312 Basa

296 1341 450 1427 Rusidam
476 1339 586 1424 fellat,
614 1361 678 1428 quo
708 1339 830 1405 Rufulo
861 1339 990 1406 cuidam
1017 1342 1235 1430 exprobratur
1257 1342 1350 1431 quod
1459 1323 1460 1344 l

299 1481 372 1525 eum
386 1457 484 1538 Rufa,
505 1457 639 1522 muliere
653 1455 821 1523 Bononiae
843 1455 953 1523 infimo
968 1457 1041 1524 loco
1064 1467 1142 1525 nats
1155 1469 1197 1544 ,ct
1216 1458 1350 1526 sordida
1459 1479 1460 1508 ι

295 1585 328 1642 et
354 1573 537 1656 inhoneste,
565 1572 729 1639 libidinem
757 1581 908 1640 exerceat
917 1621 927 1657 ,
965 1573 1000 1639 in
1021 1575 1157 1642 eundern
1187 1574 1277 1641 illum
1300 1575 1349 1644 M.
1459 1623 1460 1656 ,

296 1689 442 1759 Caelium
478 1691 599 1756 Rufum
633 1688 798 1778 scripserit
832 1689 989 1758 Catullus.
1042 1691 1181 1779 primum
1213 1692 1348 1783 qnidam
1459 1671 1460 1718 l

294 1830 361 1875 non
382 1806 424 1875 ad
445 1807 668 1875 Bononienses
688 1805 745 1875 sed
767 1807 808 1874 ad
830 1807 912 1874 alius
933 1809 1042 1894 urbis,
1079 1817 1115 1876 ut
1134 1808 1204 1874 neri
1226 1808 1349 1878 similli-

296 1946 383 1991 mum
406 1931 455 1990 cst
484 1923 648 1990 Romanas
670 1945 721 1991 res
743 1945 873 1990 carmen
894 1923 971 1990 illud
1002 1933 1151 2012 spectare
1171 1925 1247 1993 inde
1269 1951 1348 1995 oon·

296 2041 425 2130 ligimus
456 2040 543 2128 quod
571 2061 689 2106 nornen
726 2039 941 2107 Bononiensis
972 2039 1081 2108 Rufae
1113 2051 1183 2108 tum
1215 2041 1348 2112 demum

297 2181 425 2227 sensum
448 2168 559 2248 aptum
580 2159 707 2248 accipit,
729 2159 756 2224 si
771 2181 899 2226 carmen
917 2181 983 2225 non
998 2158 1167 2226 Bononiae
1187 2159 1348 2249 scriptum

298 2287 356 2345 est
404 2276 522 2344 deinde
553 2274 651 2342 totius
683 2274 833 2342 carminis
871 2296 1005 2342 acumen
1039 2274 1188 2344 Catullus
1217 2287 1348 2346 tantsun

297 2396 390 2462 abest
410 2403 448 2478 nt
472 2393 506 2459 in
527 2391 648 2460 Rulam
669 2393 776 2478 illam,
809 2415 894 2483 quae
919 2395 1056 2482 nequior
1084 2403 1155 2460 erat
1181 2415 1280 2482 quarn
1309 2409 1350 2464 ut

298 2511 368 2580 eius
391 2533 506 2580 caussa
526 2509 674 2577 Oatullns
695 2532 825 2577 carmon
846 2511 1020 2595 scriberet,
1051 2509 1222 2597 direxerit,
1255 2522 1293 2579 nt
1314 2514 1349 2580 in

297 2629 420 2697 Rufum
451 2627 646 2711 intenderit,
688 2649 784 2716 quem
826 2637 958 2716 propter
996 2629 1225 2695 commercium
1260 2629 1350 2698 illius

297 2745 504 2814 mulierculae
553 2745 691 2813 misereo
743 2743 930 2835 inpudicuun
980 2767 1088 2814 amare
1128 2747 1352 2836 perstringere

297 2863 409 2931 uoluit.
451 2871 621 2951 praetcrea
639 2861 844 2929 manifestum
865 2872 915 2929 eet
935 2863 968 2928 in
990 2864 1173 2931 nominibus
1188 2863 1297 2930 Rufae
1316 2876 1352 2933 ot

298 2981 393 3065 Rufi,
422 2979 508 3046 unde
536 2979 650 3046 Rufuli
671 3001 787 3048 nomen
809 3001 868 3069 per
888 2989 1109 3068 contemptum
1131 2989 1229 3068 poeta
1249 2980 1352 3050 demi-

298 3099 384 3182 nuit,
414 3097 570 3165 acuminis
593 3098 714 3186 aliquid
735 3097 936 3165 reconditum
958 3119 1029 3164 csse
1050 3119 1058 3162 t
1078 3099 1165 3185 quod
1187 3099 1286 3187 quale
1306 3099 1351 3165 sit

298 3215 358 3282 etsi
389 3214 484 3283 bodie
513 3217 612 3305 plane
640 3214 774 3282 enodari
800 3215 931 3304 nequit,
967 3225 1074 3282 tamen
1114 3224 1235 3281 certum
1267 3215 1348 3282 mibi

298 3355 369 3399 esse
402 3333 532 3400 uidetur
560 3333 796 3420 Doeringium,
839 3355 912 3399 cum
943 3331 1100 3399 Rufulum
1135 3333 1298 3400 coniceret
1329 3357 1350 3401 a

298 3447 440 3516 libidinis
475 3473 553 3518 snae
590 3448 738 3516 ministro
771 3449 932 3537 accepisse
967 3471 1101 3533 nomen,
1144 3471 1277 3517 errasse.
1328 3472 1349 3517 e

298 3568 461 3634 contrario
494 3567 600 3636 Rufae
631 3590 748 3634 nomen
780 3566 890 3633 fictum
918 3577 951 3633 ct
982 3590 1003 3632 a
1033 3575 1129 3655 pocta
1156 3587 1235 3634 nero
1267 3566 1349 3634 Rufi

298 3683 422 3751 nomini
453 3684 669 3754 adsimilatum
701 3705 788 3770 osse,
821 3705 860 3750 eo
891 3683 1056 3753 lubentius
1082 3693 1119 3750 ut
1139 3683 1269 3752 cmdam
1292 3683 1349 3752 ad·

299 3799 410 3883 ducor,
433 3824 496 3890 quo
518 3800 704 3890 diligentius
725 3801 909 3868 nominibus
930 3800 1054 3890 patriae
1076 3801 1165 3867 urbis
1186 3809 1220 3866 et
1239 3801 1348 3870 mariti

299 3917 441 3987 mulieris
457 3919 572 3989 additis
586 3928 683 4012 poeto
696 3918 841 4011 prouidit
860 3927 898 3987 ut
918 3917 1015 3986 etiam
1037 3918 1097 3986 sub
1115 3915 1196 3986 falso
1216 3916 1348 3988 nomine
