2920 4492
270 360 304 412 bt
540 355 593 409 1111
626 356 675 409 DE
695 355 875 410 uuoumvs
892 353 1045 408 aarum

420 521 508 602 fama
529 533 573 586 eet
593 527 698 610 urputi
715 521 854 588 Nemesis
874 520 1015 616 femmae
1041 521 1179 587 meatu:

470 637 589 704 Lesbia
612 635 751 716 dietum't,
775 639 861 704 doete
883 639 1006 716 Catulle,
1028 637 1085 702 ta‘br'.

273 779 421 844 111445

421 895 535 960 Lesbia
557 917 623 959 oum
644 905 745 960 tenero
766 905 794 958 te
810 905 916 980 posset
934 917 1044 958 amare
1066 891 1192 968 Catullo,

470 1022 497 1076 te
516 1023 588 1096 poet
609 1009 767 1074 Naronem
787 1009 903 1074 blondo
926 1007 1062 1074 Corinna
1083 1009 1181 1096 aequi,

275 1176 317 1216 vu
350 1151 439 1216 143
480 1171 544 1214 xuu
579 1149 618 1212 ll
663 1149 829 1215 quenalis
866 1149 899 1215 in
939 1161 1049 1215 natura
1078 1171 1107 1212 vr
1141 1149 1170 1214 7.
1226 1149 1322 1216 illum

270 1268 369 1354 igitur
387 1265 528 1331 Lesbiae
551 1286 694 1331 amorem
716 1264 828 1330 ordine
853 1275 885 1331 et
910 1266 1005 1352 plane
1032 1265 1173 1330 enarrari
1189 1266 1321 1352 plurimi

273 1384 391 1466 refert,
438 1381 513 1469 quia
550 1380 628 1446 inde
663 1381 816 1447 iudicium
851 1383 892 1446 de
936 1378 1056 1448 Catulli
1095 1381 1239 1448 moribus
1278 1380 1321 1448 de

273 1499 379 1588 poesis
395 1495 595 1564 Catullianae
617 1497 724 1564 indole
742 1498 782 1564 de
805 1499 983 1564 carminum
996 1497 1226 1586 permultorum
1241 1510 1322 1564 tem-

273 1616 405 1705 poribus
426 1615 600 1680 maximam
628 1625 753 1702 partem
781 1615 908 1705 pendat
951 1625 983 1681 et
1007 1615 1132 1682 initium
1155 1617 1323 1704 capiamus

273 1757 292 1800 a
313 1732 443 1798 nomino
464 1732 590 1820 puellae
612 1743 739 1799 amatae
761 1732 953 1798 deliniendo.
997 1730 1145 1799 Catullus
1168 1735 1321 1821 quotiens

274 1851 407 1916 nomino
435 1872 511 1915 usus
544 1859 613 1930 eet,
650 1850 767 1914 totiena
794 1849 923 1938 puellae
944 1871 1020 1914 auae
1041 1872 1157 1914 nomen
1179 1847 1322 1915 Lesbiae

272 1966 418 2032 indidit:
440 1987 545 2052 neque
572 1973 680 2032 tamen
707 1965 769 2030 hoe
796 1988 906 2031 uorum
930 1987 1046 2030 nomen
1068 1963 1138 2032 fuit
1181 1963 1323 2032 Ouidius

272 2084 356 2149 enim
378 2083 422 2149 ait
443 2082 582 2148 tristium
601 2105 619 2148 u
642 2081 703 2146 427

412 2235 461 2299 eie
480 2257 540 2298 aua
561 2236 674 2298 lurcium
695 2244 815 2298 conluta
836 2245 880 2297 eat
899 2256 991 2318 saepe
1013 2233 1129 2300 Cudeo

455 2349 592 2437 femma,
616 2356 667 2416 oui
676 2348 806 2436 saluum
826 2339 959 2414 ‘Leedio’
980 2373 1089 2414 nomeu
1111 2362 1185 2414 erut.

273 2521 386 2566 uerum
418 2521 536 2566 nomen
569 2499 657 2589 quod
686 2499 783 2564 luerit
813 2499 973 2586 Apuleius
1005 2497 1118 2564 eodem
1149 2499 1221 2564 looo
1254 2521 1321 2587 quo

272 2639 370 2704 aupra
382 2628 498 2706 poetae
512 2625 622 2684 nostro
638 2615 702 2682 Gai
723 2615 920 2704 praebomen
942 2615 1189 2699 uindicauimua,
1211 2616 1322 2682 docuit

271 2734 321 2799 bie
352 2733 459 2799 uerbis
492 2755 509 2797 :·
531 2732 640 2798 eadem
675 2756 766 2818 opera
798 2744 943 2798 aeoueent
979 2731 1012 2797 C.
1047 2733 1207 2816 Cuballum,
1240 2737 1323 2820 quod

272 2851 415 2916 Lartium
433 2873 493 2936 pro
516 2849 622 2916 Clodia
643 2851 806 2915 memorarit
827 2861 854 2914 et
879 2849 1020 2914 Ticidam
1048 2851 1210 2932 similior,
1242 2853 1323 2937 qaod

271 2991 347 3056 puae
367 2966 488 3033 Metella
517 2979 585 3032 erat
605 2966 751 3032 Perillam
770 2967 951 3052 scripserit,
979 2978 1006 3032 et
1027 2965 1234 3052 Propertium,
1267 2969 1327 3054 qui

273 3085 431 3170 Cynthium
452 3083 537 3148 dieat
556 3082 696 3148 Hostiam
717 3085 898 3161 diremerat,
932 3096 960 3148 et
992 3085 1154 3159 Tibullum,
1187 3085 1269 3168 quod
1293 3085 1326 3148 α’

274 3207 310 3266 eit
333 3203 455 3266 Pluuio
475 3203 509 3268 ἐπ
529 3205 628 3266 emmo
650 3199 747 3264 Delia
768 3202 802 3264 a'n
823 3221 922 3264 aerea.
966 3197 1080 3268 Clodia
1096 3198 1195 3286 igitur
1208 3221 1321 3264 uerum

276 3319 403 3406 puellae
429 3342 449 3383 a
471 3315 599 3383 Catullo
630 3325 756 3382 amatae
782 3337 901 3381 nomen
930 3317 998 3381 fuit.
1042 3315 1097 3380 aed
1126 3316 1180 3380 illa
1209 3315 1323 3382 Clodia

274 3433 346 3523 quie
360 3433 452 3498 fuit?
474 3443 583 3498 utrum
606 3433 701 3498 etiam
722 3455 809 3498 nune
824 3433 1037 3500 demonstrari
1052 3442 1159 3520 potest
1174 3432 1322 3498 Clodiam

272 3549 390 3617 Catulli
426 3549 562 3614 eandem
605 3549 703 3615 fuisse
738 3559 836 3637 atque
872 3550 1013 3639 aliquam
1049 3549 1155 3637 gentis
1189 3549 1322 3616 Clodiae

271 3665 437 3732 mulierem
462 3666 501 3730 de
530 3687 595 3754 qua
623 3665 752 3732 aliunde
784 3689 913 3755 quoque
943 3666 1056 3732 notitia
1077 3665 1323 3754 qualiacumque

272 3783 311 3850 ad
334 3804 393 3849 noe
413 3781 592 3870 peruenit?
637 3805 678 3849 au
699 3782 934 3869 desperandum
957 3796 1007 3850 eet
1030 3781 1176 3850 Clodiam
1198 3781 1321 3852 Catulli

273 3899 359 3990 apud
382 3899 462 3965 alios
483 3879 655 3989 scriptores
677 3899 810 3968 anobis
832 3899 964 3987 reperiri
985 3899 1111 3990 poree?
1153 3899 1214 3966 uiri
1235 3900 1322 3968 docti
