2954 4492
304 361 354 412 148
582 355 616 408 VI
649 355 698 408 DE
716 353 896 408 enomere
914 353 1068 408 cervum

301 546 361 591 sua
393 532 426 588 et
457 522 627 589 uoluntate
660 543 821 610 propensa
852 520 1012 610 pollicitus
1043 527 1113 585 erat
1144 517 1236 607 qussi
1270 539 1352 584 uera

302 641 450 728 accipere
481 663 516 706 se
537 641 666 706 simulet
693 649 725 705 et
746 639 780 705 id
803 660 901 726 agere
922 637 1070 704 uideatur
1095 644 1133 702 ut
1151 634 1216 700 ism
1241 637 1351 701 nescio
1467 657 1468 708 ;

304 756 381 846 quid
408 757 520 844 magui
550 767 583 823 et
613 756 747 845 periculi
775 757 921 844 plenum,
957 755 1064 843 qunlis
1089 763 1178 837 tum,
1213 775 1287 818 cum
1317 755 1351 819 in

301 874 492 961 regionibus
513 874 627 962 inperii
643 873 782 940 Romani
798 882 831 940 et
845 871 1068 938 diuersissimis
1081 881 1115 938 et
1129 869 1352 936 remotissimis

302 992 389 1058 belle
409 1002 466 1058 aut
488 999 679 1078 gererentur
700 1001 756 1056 aut
770 999 973 1079 pararentur,
992 987 1196 1077 cupientibus
1218 986 1353 1054 adfatim

300 1109 511 1197 prostabant,
552 1109 593 1174 sb
626 1108 735 1173 amicis
767 1107 829 1174 illis
867 1128 1089 1195 quoecumque
1120 1127 1227 1171 secum
1260 1104 1352 1172 edire

301 1227 517 1314 paratissimis
539 1225 720 1313 expostulet
743 1251 749 1287 :
772 1223 881 1290 subito
902 1243 981 1288 uero
1003 1233 1100 1312 poeta
1121 1243 1232 1288 nerem
1253 1221 1350 1286 enimi

302 1344 501 1410 sententiam
538 1364 730 1430 expromens
762 1364 828 1408 non
858 1351 925 1409 tem
958 1341 998 1407 sd
1030 1363 1097 1406 rem
1128 1361 1280 1427 magnam
1317 1349 1351 1404 et

300 1459 527 1540 honorificem,
567 1459 619 1524 cui
655 1459 928 1526 administrandae
973 1456 1158 1523 homunculi
1196 1455 1250 1522 isti
1288 1477 1352 1520 nec

299 1576 408 1644 idonci
440 1599 500 1644 nec
532 1577 623 1663 digni
654 1585 764 1658 erant,
800 1597 856 1642 eos
878 1583 994 1642 euocat
1014 1596 1111 1664 quem
1133 1575 1180 1640 eis
1202 1573 1349 1640 nuntium

297 1717 400 1784 paene
428 1694 678 1782 ignominiosum
705 1692 858 1778 Clodiae,
898 1693 1022 1760 mulieri
1050 1690 1348 1781 inpudentissimae,

302 1810 511 1880 deferendum
533 1812 635 1878 tredit
656 1835 664 1878 t
687 1813 780 1901 quasi
800 1811 926 1879 mulieri
954 1809 1098 1900 perfidae
1125 1831 1183 1898 per
1211 1807 1351 1898 perfidos

301 1928 448 1995 homines
475 1928 671 2016 respondere
695 1928 844 1994 uoluerit.
887 1927 1061 2014 Reliquum
1083 1937 1133 1993 est
1156 1936 1194 1993 ut
1218 1925 1351 1992 inuesti-

300 2067 415 2132 gemus
459 2067 523 2134 quo
557 2055 703 2132 tempore
738 2044 886 2113 Catullus
915 2045 1058 2112 carmina
1087 2043 1128 2110 ad
1164 2045 1350 2112 quentium

302 2173 335 2229 et
355 2161 389 2228 in
412 2162 546 2230 Furium
568 2171 601 2228 et
617 2161 784 2229 Aurelium
805 2161 980 2250 scripserit.
1020 2161 1087 2228 iam
1107 2160 1135 2228 si
1156 2161 1262 2226 obiter
1282 2183 1350 2227 rem

302 2280 554 2362 consideramus,
576 2281 647 2345 ueri
667 2279 863 2345 simillimum
885 2301 955 2346 esse
977 2278 1106 2344 uidetur
1125 2277 1310 2344 quentium
1331 2301 1351 2344 a

303 2393 434 2463 Cutnllc
453 2407 528 2486 post
542 2397 694 2464 Lesbiam
711 2396 804 2462 simili
825 2397 951 2464 ratione
965 2405 1063 2484 atque
1080 2393 1264 2462 Marathum
1277 2404 1352 2483 post

302 2514 431 2580 Deliam
442 2535 461 2579 a
473 2514 756 2582 Tibulloamatum
771 2535 852 2598 esse,
863 2513 1001 2603 ideoque
1018 2533 1160 2579 amorem
1176 2512 1262 2578 hunc
1277 2522 1352 2600 post

301 2631 365 2698 iter
381 2631 591 2720 Bithynicum
609 2631 708 2697 fuisse
728 2641 761 2697 et
780 2630 849 2698 fers
870 2633 903 2698 in
925 2653 1044 2698 annum
1059 2631 1177 2710 698156
1189 2629 1350 2696 incidisse.

300 2748 381 2814 haec
402 2748 588 2816 adcuratius
610 2750 708 2816 etism
731 2749 943 2816 demonstrari
964 2758 1119 2836 possunt,
1154 2748 1231 2814 dum
1251 2747 1350 2814 modo

300 2874 477 2949 teneamus,
500 2867 532 2933 id
548 2867 636 2953 quod
652 2842 782 2934 omnino
797 2865 970 2933 tenendum
986 2875 1044 2948 est,
1063 2875 1095 2932 et
1109 2865 1253 2932 carmine
1268 2887 1351 2954 quae

299 2981 333 3048 in
355 2981 492 3049 Furium
515 2993 548 3050 et
567 2983 735 3050 Aurelium
767 2990 800 3049 et
825 2982 966 3050 carmina
993 3005 1077 3070 quae
1105 2984 1138 3048 in
1164 2983 1351 3050 quentium

301 3097 451 3166 Catullus
478 3099 607 3189 scripsit
638 3123 703 3166 nnc
731 3101 911 3190 eodemque
939 3111 1085 3189 tempore
1107 3101 1228 3190 scripta
1249 3123 1348 3168 esse:

299 3239 376 3283 nam
399 3239 441 3283 ex
457 3216 601 3283 carmine
616 3239 671 3283 xvr
692 3217 738 3306 (in
754 3240 818 3305 quo
834 3241 853 3283 s
868 3217 968 3284 Furio
984 3227 1017 3285 et
1029 3217 1174 3302 Aurelio,
1197 3219 1351 3306 quonism

300 3333 451 3400 carminis
465 3331 550 3401 illius
575 3335 733 3418 Wucmos,
751 3359 821 3402 msc
834 3335 963 3419 Lesbs'sr,
984 3347 1073 3423 atque
1086 3357 1225 3401 amoram
1238 3357 1353 3404 caussa

301 3451 533 3518 contumeliosa
554 3452 595 3517 de
615 3473 651 3517 se
673 3449 844 3536 dixissent,
876 3473 998 3538 poenus
1020 3451 1226 3539 grauissimas
1247 3475 1283 3518 se
1303 3475 1351 3520 rc·

299 3565 477 3654 petiturum
499 3589 570 3634 esse
586 3565 736 3634 Catullus
750 3568 889 3634 minatus
905 3569 968 3654 est)
982 3569 1166 3636 quentium
1182 3592 1201 3635 a
1220 3569 1350 3638 Catullo

299 3693 374 3771 post
395 3682 549 3750 Lesbiam
577 3695 718 3751 emotum
748 3707 819 3750 esse
848 3685 985 3774 adparet
1013 3709 1021 3750 ε
1050 3708 1192 3776 nemque
1220 3709 1350 3754 carmen

299 3799 377 3866 illud
407 3823 429 3864 v
459 3801 623 3882 Catullus,
654 3825 727 3868 cam
747 3799 901 3868 Lesbium
928 3805 1074 3887 amsbat,
1109 3805 1267 3892 scripsit:
1289 3825 1350 3872 nec

299 3928 408 3984 temen
431 3920 602 4008 quisquam
623 3921 750 4007 putsbit
764 3917 925 3987 Catullum
948 3922 1044 3986 simul
1066 3920 1220 3988 Lesbiam
1243 3933 1276 3989 et
1296 3922 1349 3988 Iu·
1467 3917 1468 3990 ὲ
