2970 4484
503 384 544 436 xl
566 384 626 458 „un
644 385 676 438 G.
695 383 828 438 nlclnlo
847 382 965 437 CALVO
1207 385 1257 436 tuo

207 572 350 641 namque
379 549 448 616 eius
474 560 602 638 praeter
636 551 722 618 bunc
750 549 870 618 Catulli
898 557 931 615 et
958 547 1122 637 Propertii
1150 549 1256 616 locum

209 691 307 758 quem
335 667 546 756 excripsimua
574 668 694 734 mentio
723 667 809 755 apud
830 677 956 734 ueteres
977 663 1148 754 scriptores
1169 665 1257 734 nulla

208 788 297 852 fecte
324 794 383 851 eat.
426 783 488 850 uiri
516 783 602 850 docti
631 783 718 872 quod
745 785 843 850 solam
871 805 981 850 omnes
1009 783 1092 850 hano
1119 783 1254 850 amicam
1343 843 1349 856 ,

208 900 303 992 Calui
325 901 425 968 fuisse
447 910 587 967 censent
629 901 714 988 quod
740 899 889 989 equidem
910 898 963 966 uel
984 910 1118 988 propter
1138 922 1255 966 nomen

210 1040 275 1109 quo
306 1017 453 1088 Catullus
483 1027 515 1084 et
538 1017 726 1106 Propertius
753 1017 906 1084 feminam
936 1015 1185 1104 adpellanerunt
1209 1017 1256 1082 in-

208 1137 323 1225 probo.
366 1133 543 1216 Quintiliae
571 1134 672 1217 enim,
701 1143 739 1200 ut
765 1135 836 1200 luce
864 1133 981 1200 clarius
1002 1143 1051 1200 est
1072 1144 1105 1200 et
1126 1145 1255 1221 praeter

209 1251 290 1320 alios
311 1251 351 1320 0.
371 1251 504 1318 Iahnius
531 1252 577 1334 (in
604 1259 665 1316 act
695 1273 758 1340 soc.
779 1251 840 1318 litt.
863 1250 940 1318 Sex.
963 1273 970 1314 ι
994 1249 1071 1337 419)
1082 1259 1181 1332 ,recte
1202 1249 1255 1316 ad·

208 1370 340 1456 gnouit,
367 1390 482 1435 nerum
509 1389 625 1434 nomen
655 1367 1176 1452 esttTurnebi(adneranr.xx1
1200 1367 1254 1452 17)

208 1486 366 1552 sententie
398 1485 500 1574 digna
527 1508 593 1552 non
623 1493 672 1551 est
704 1507 787 1574 quae
818 1484 987 1552 refutetur.
1038 1506 1116 1551 uero
1147 1493 1255 1551 antem

207 1601 338 1669 nomine
369 1601 507 1670 Onlnum
540 1603 675 1668 amicam
711 1602 873 1690 quandam
908 1601 941 1668 in
973 1602 1170 1670 carminibus
1202 1603 1255 1670 ed·

208 1719 380 1808 pellauisae
395 1719 491 1788 ualde
505 1718 707 1807 inprobabile
721 1730 779 1792 ost,
799 1720 876 1808 quia
889 1729 1005 1808 poetes
1026 1719 1146 1802 Latini,
1161 1718 1255 1786 sicuti

208 1847 321 1902 notum
340 1845 389 1903 est
408 1845 443 1902 et
464 1856 503 1902 ex
524 1835 570 1902 eia
591 1857 674 1922 quae
696 1835 757 1924 ipsi
778 1857 877 1924 supra
892 1837 938 1923 (p.
953 1835 1030 1921 232)
1046 1835 1255 1924 exposuimus

207 1962 308 2040 patet,
329 1953 513 2021 nominibus
530 1953 617 2019 neria
642 1951 817 2020 amicarum
840 1976 921 2043 quas
941 1953 1106 2020 uocabant
1127 1975 1256 2022 surum

209 2068 319 2136 celatis
333 2069 410 2136 ficte
423 2069 554 2136 nominc
568 2069 646 2135 eatis
661 2079 846 2138 constanter
859 2081 1108 2158 usurpauerunt.
1146 2071 1257 2161 itaque

208 2185 400 2267 Quintilium
428 2208 493 2252 non
521 2196 591 2252 tam·
611 2186 745 2254 amicam
767 2208 863 2274 quam
885 2209 1021 2254 uxorem
1043 2185 1136 2256 Calui
1157 2189 1257 2256 fuisso

209 2313 242 2370 et
261 2311 392 2390 poetam
413 2303 524 2370 uxoris
551 2304 747 2371 carminibus
773 2302 983 2372 celebrandae
1004 2327 1121 2372 nomen
1143 2327 1256 2374 uerum

207 2443 273 2487 non
293 2421 398 2507 magis
427 2442 524 2508 quam
544 2419 732 2504 Lucanum,
763 2421 819 2509 qni
847 2421 880 2486 in
907 2423 1103 2490 carminibus
1137 2445 1256 2492 nomen

207 2537 320 2604 uxoris
341 2536 558 2626 Argentanae
579 2559 644 2604 non
663 2536 895 2620 dissimulauit,
918 2538 1085 2605 reticuisse
1106 2539 1256 2623 arbitror,

208 2675 314 2742 neque
349 2653 445 2722 aliam
486 2653 652 2721 mulierem
686 2655 787 2721 fuisse
822 2675 906 2744 qnae
941 2656 1028 2744 apud
1062 2656 1254 2723 Diomedem

208 2772 256 2860 (p.
276 2771 340 2837 372
361 2770 399 2838 P.
421 2772 498 2854 376,
526 2773 543 2836 1
572 2771 686 2856 Keilii)
718 2771 768 2838 bis
801 2773 909 2840 uerbis
945 2773 1061 2841 Caluus
1096 2773 1181 2840 alebi
1212 2775 1255 2838 od

206 2909 335 2954 acoron
368 2882 479 2975 ‘primo
503 2889 638 2975 epistula
665 2887 789 2956 uidettcr
823 2891 859 2956 iu
893 2895 945 2956 uio
981 2884 1084 2958 debio'
1117 2912 1253 2958 comme·

206 3013 360 3072 moratur.
