2922 4478
545 327 635 382 ux111
652 327 768 380 54-71

212 521 245 578 el
265 535 379 578 eurum
402 515 512 579 omniu
535 513 659 580 adirem
683 513 861 578 furibundo
883 513 1030 590 latibula,

149 633 190 696 55
213 632 347 698 nbiusm
371 643 429 697 ont
451 633 572 716 quibus
594 634 674 698 loeis
698 645 728 696 to
751 633 909 715 positam,
934 634 1049 716 putris,
1072 633 1166 698 reor?

211 754 301 834 eupit
322 753 393 836 ipso
417 753 541 835 pupulo
563 755 605 816 ud
629 761 660 816 te
683 751 745 816 sibi
770 751 918 834 dirigere
933 752 1045 828 solem,

210 870 301 934 rabio
324 873 393 936 seru
415 892 529 936 ourons
553 871 631 936 duni
657 869 754 934 buono
777 880 906 954 tompus
929 873 1059 936 unimus
1081 881 1139 936 est.

210 1011 312 1074 egone
334 1013 353 1055 a
376 1011 449 1054 mos
472 999 595 1055 romola
618 991 697 1056 bueo
720 991 806 1055 sorar
827 991 860 1054 in
884 1011 1018 1056 nemora
1040 990 1157 1054 domo?

209 1111 316 1192 patrio
339 1108 433 1174 bouis
456 1111 570 1174 amieis
592 1109 797 1192 genitoribus
819 1109 943 1174 sibero?

146 1227 189 1290 60
212 1226 308 1291 abono
334 1229 402 1292 foro
423 1229 587 1312 pulsoslm
610 1228 716 1294 studio
738 1236 772 1293 et
793 1229 1002 1313 gymnasiis?

211 1349 312 1413 misor
334 1369 353 1413 u
376 1349 491 1426 miser,
513 1346 715 1432 querendum
740 1357 790 1412 est
812 1349 910 1414 elium
934 1359 1033 1430 atquo
1055 1350 1165 1426 otium,

708 1467 825 1532 anime.

212 1584 299 1667 qnod
322 1587 409 1650 onim
433 1607 538 1669 genus
559 1587 717 1668 figuraest
739 1605 798 1668 ogo
819 1607 885 1650 non
907 1585 991 1666 quod
1008 1585 1167 1650 obierim?

214 1725 273 1787 ego
296 1705 424 1778 mulier,
448 1725 507 1786 ego
530 1702 728 1779 adolescens
752 1724 811 1786 ogo
827 1703 982 1786 ephebus,
1005 1725 1064 1788 ego
1079 1725 1167 1788 puer.

212 1843 271 1905 ego
293 1825 448 1906 gymnasi
464 1823 520 1907 fni
545 1823 614 1899 flos,
636 1843 696 1906 ego
718 1843 806 1886 erum
830 1821 928 1887 deous
950 1824 1033 1887 olei:

147 1944 189 2006 65
213 1943 293 2006 mihi
316 1944 432 2006 iunuue
455 1943 648 2026 frequentes,
673 1941 754 2006 mibi
779 1943 896 2006 limina
920 1942 1035 2025 tepida,

213 2061 296 2126 mihi
319 2061 445 2126 floridis
467 2061 598 2126 corollis
622 2063 774 2128 redimito
797 2062 914 2126 domus
937 2073 1016 2140 erut,

216 2179 433 2262 linquendum
456 2180 513 2244 ubi
535 2189 623 2244 osset
645 2188 715 2245 orto
739 2181 818 2244 mihi
844 2181 909 2245 sole
932 2181 1128 2247 cubiculum.

215 2320 274 2381 ego
298 2321 382 2363 nuno
405 2299 501 2363 deum
527 2301 678 2364 ministra
700 2308 734 2363 et
749 2299 890 2384 Cybeles
913 2299 1039 2364 lumuls
1060 2299 1169 2364 feror?

214 2438 273 2499 ego
296 2439 439 2492 mucuns,
462 2437 522 2500 ego
545 2418 608 2482 moi
630 2439 716 2500 puis,
741 2439 801 2500 ogo
822 2419 875 2481 uir
896 2418 1020 2481 sterilis
1043 2417 1119 2482 ero?

150 2535 192 2600 70
215 2557 274 2620 ego
298 2536 413 2601 uiridis
437 2535 546 2620 algida
568 2535 644 2600 ldse
667 2537 744 2600 niun
768 2535 887 2600 smiolu
910 2535 982 2600 loos
1004 2535 1135 2600 oolam?

215 2677 274 2738 ego
297 2655 400 2720 uitam
425 2675 519 2738 agam
543 2655 605 2720 sub
628 2655 704 2720 ultis
728 2653 894 2740 Phrygiae
915 2654 1146 2732 columinibus,

458 2784 505 2792 ...ι

149 2845 183 2896 56
202 2845 293 2912 populu
316 2846 329 2893 ll
353 2855 380 2896 st
401 2855 427 2896 to
451 2848 463 2895 ΙΙ
487 2847 521 2897 62
538 2847 620 2913 ligura
638 2855 677 2897 ost
700 2849 712 2895 ll
737 2863 785 2898 nou
803 2846 862 2912 quid
880 2846 984 2898 abierim
1008 2846 1021 2894 ll
1045 2845 1079 2896 64
1096 2863 1169 2912 gym-

151 2931 215 2981 uasti
234 2932 273 2981 sui
296 2932 309 2979 ll
328 2931 472 2981 llboiroulis
490 2930 635 2996 (etourulin)
659 2934 671 2978 ΙΙ
691 2931 723 2982 ll
745 2930 897 2996 Liqueudnm
922 2932 935 2980 ll
954 2931 1007 2984 solo
1031 2931 1043 2979 ll
1062 2929 1097 2981 68
1114 2929 1169 2996 ligo

152 3031 198 3064 noo
222 3016 234 3062 ll
259 3016 368 3064 ferorum
393 3016 405 3060 ΙΙ
425 3015 526 3080 ‘10on
544 3033 609 3066 neue
633 3017 645 3062 ll
665 3015 695 3066 'll
716 3015 869 3066 uolumuibus

253 3167 286 3213 54
305 3164 401 3230 omniu]
424 3165 515 3214 omisso
540 3164 644 3231 Heysius
663 3167 741 3216 uiiiicn
760 3164 869 3216 Muretus
889 3167 922 3216 lu
939 3183 1024 3216 eornm
1043 3175 1071 3216 nl
1088 3165 1170 3216 omniu

152 3249 246 3298 Statius
270 3249 303 3299 Eo
326 3259 353 3298 ut
374 3250 458 3300 omuiu
481 3267 565 3300 earum
591 3249 702 3316 Scoliqer
723 3251 758 3301 ln
774 3268 859 3302 eurum
878 3251 911 3301 sd
929 3251 1011 3302 omniu
1028 3252 1090 3300 irem
1108 3249 1169 3300 All-

151 3333 258 3384 wordum
370 3335 403 3384 60
425 3335 554 3400 studioque
576 3336 691 3402 gymnasi
715 3333 844 3386 Suetonius
867 3335 901 3386 od
926 3333 1016 3387 Terens
1038 3333 1123 3388 Maur.
1142 3352 1169 3401 p.

150 3419 205 3470 37⁸
226 3419 397 3484 Herlzberyius
420 3437 526 3470 sonuere.
549 3437 619 3485 qerm.
638 3421 675 3486 (α.
696 3421 783 3484 1862)
803 3421 857 3472 130
992 3421 1022 3471 61
1044 3439 1058 3471 s
1084 3419 1121 3470 V:
1138 3419 1170 3471 sb

152 3513 191 3568 (tu
209 3505 266 3566 Lm)
284 3514 307 3554 ol
324 3505 356 3554 bs
375 3505 442 3570 (Iino)
461 3505 519 3554 lion*
611 3505 700 3556 nninioi
719 3503 883 3556 Rossbachius
986 3505 1018 3555 62
1037 3522 1086 3556 uon
1105 3505 1169 3571 quod

151 3589 256 3641 obierim
278 3585 295 3669 β
311 3589 426 3656 (Statius)
447 3589 559 3655 sillium
578 3588 664 3658 (Hs).·
681 3607 730 3640 nou
749 3591 808 3656 quid
827 3591 931 3641 obierim
959 3588 1122 3658 Vlligurue,
1145 3590 1170 3640 in

151 3674 218 3739 quod
241 3692 289 3726 non
313 3693 360 3742 ogo
382 3676 486 3727 obierim
510 3673 667 3724 Ablwurdtus
690 3674 718 3724 de
742 3675 796 3725 Aoi
818 3677 863 3740 ll)
890 3692 955 3726 nune
976 3676 1043 3742 quod
1065 3676 1170 3727 oblerim

153 3757 265 3810 Handius
288 3759 414 3810 Tursellin.
433 3757 498 3809 IIII
514 3760 569 3809 264
588 3777 635 3811 non
654 3759 719 3825 qnod
739 3760 868 3810 habuerim
887 3759 999 3827 Scaliqer
1017 3778 1042 3815 ω
1058 3760 1102 3810 Lm

152 3843 186 3895 63
206 3845 258 3912 ligo
282 3847 359 3912 puber
378 3843 491 3912 Scaliyer
509 3861 534 3900 ω
631 3845 664 3894 68
683 3843 819 3910 Egouuno
838 3843 966 3895 Suetonius
984 3845 1019 3896 ad
1039 3845 1171 3895 lucunas.

936 3947 967 3997 12
