2954 4492
293 331 342 384 106
575 329 600 381 V
632 331 680 382 DE
698 329 876 384 suomsvs
894 331 1047 384 aarum

289 495 449 564 neminem
463 495 541 562 dum
562 496 648 585 quod
664 496 761 562 sciam
776 487 969 563 sententiam
982 495 1065 561 hanc
1076 495 1116 561 de
1131 517 1196 585 qua
1211 497 1338 564 disseri·

291 636 361 679 mus
382 613 542 680 adiuuisse
563 613 605 678 acl
626 614 758 680 modum
779 615 896 692 miror,
918 603 992 679 inde
1016 624 1125 701 petere
1153 612 1228 680 lieet
1250 615 1338 702 quod

290 753 333 797 ex
354 729 474 798 Catulli
494 732 636 798 carmine
657 750 733 798 oxu
755 729 895 797 Gellium
927 731 1106 797 litterarum
1134 728 1337 798 Graecarum

291 847 468 914 studiosum
496 846 549 913 uel
572 847 671 912 fuisse
692 847 745 913 uel
766 846 931 914 simulasse
954 845 1110 914 uidemus.
1153 849 1194 913 cf.
1223 870 1338 915 uersus

289 965 375 1032 illius
395 964 546 1030 carminis
568 961 701 1053 priores,

439 1162 529 1226 saepe
548 1139 610 1205 ts'be'
627 1141 758 1204 surdebao
778 1141 879 1204 animo
900 1153 1028 1205 cerame
1047 1147 1209 1227 requirens

489 1257 631 1320 ommino
651 1257 702 1320 uts'
717 1279 840 1340 possem
861 1261 970 1320 mittere
991 1255 1165 1340 Battiadae,

440 1374 499 1460 qui
516 1384 543 1437 te
563 1373 688 1437 larisam
709 1372 805 1454 nobb,
827 1395 886 1438 nea
906 1397 1050 1439 conarere

487 1489 554 1553 telis
575 1488 728 1575 s'nfeatuen
749 1493 863 1554 mitoera
883 1494 913 1554 in
934 1513 1031 1576 usque
1052 1502 1144 1576 caput
1163 1538 1172 1555 .
1193 1537 1201 1554 .

292 1664 440 1733 Catullus
468 1666 554 1732 enim
583 1687 648 1754 quo
676 1665 771 1730 modo
794 1664 936 1732 Gellium
958 1665 1017 1732 sibi
1039 1664 1210 1732 conciliare
1231 1687 1339 1753 spera·

290 1791 341 1849 ret
366 1781 560 1848 carminibus
588 1781 725 1848 Graecia
755 1781 950 1848 transmissis
979 1792 1012 1847 et
1033 1781 1119 1848 dono
1141 1780 1243 1865 datis,
1275 1784 1338 1850 nisi
1460 1859 1461 1864 γ

291 1899 416 1968 Gellius
447 1921 558 1966 eorum
589 1909 714 1965 amator
742 1899 855 1966 fuisset
886 1897 939 1965 uel
961 1899 1057 1966 talem
1090 1920 1125 1964 se
1152 1899 1337 1987 gessisset?

289 2027 387 2105 atque
409 2017 471 2082 iam
493 2016 594 2082 uerba
613 2015 669 2081 illa
690 2014 858 2083 Ciceronis
879 2038 938 2103 pro
954 2014 1062 2082 Sestio
1083 2015 1102 2080 l.
1118 2041 1146 2082 o.
1168 2016 1337 2086 conferan-

288 2145 341 2199 tur
355 2133 465 2200 des'ade
480 2133 671 2199 Graeculam
689 2157 721 2199 se
742 2145 833 2220 atque
846 2135 973 2200 otiosam
992 2140 1097 2220 putori
1116 2134 1219 2211 colat,
1241 2138 1338 2198 stadio

287 2249 455 2316 lobaarum
482 2274 516 2316 ae
544 2251 639 2316 nebia
660 2250 785 2316 dedidit.
828 2273 936 2317 nonne
971 2273 1009 2316 ea
1042 2251 1083 2316 ad
1116 2249 1336 2319 Catullianum

289 2387 420 2456 quoque
451 2365 598 2434 Gellium
632 2366 751 2453 optime
781 2367 942 2455 quadrare
983 2366 1170 2434 uidentur?
1220 2379 1337 2436 contra

285 2483 428 2551 libidinis
459 2484 679 2550 inmanitatem
712 2505 814 2572 usque
842 2485 883 2550 ad
911 2487 1054 2550 incestus
1080 2484 1223 2550 nefastos
1260 2507 1335 2572 pro·

287 2601 472 2684 cedentem,
508 2623 605 2689 quam
633 2599 780 2669 Catullus
808 2603 901 2690 quasi
938 2601 1041 2690 primo
1076 2602 1148 2668 loco
1185 2602 1336 2688 castigat,

288 2718 420 2804 Cicero,
453 2719 480 2785 si
508 2743 528 2784 a
548 2718 681 2785 sellandi
701 2719 901 2806 turpitudine
931 2718 1139 2800 discesseris,
1171 2719 1204 2784 in
1227 2719 1336 2786 Gellio
1461 2783 1462 2788 ,

286 2859 353 2904 non
373 2837 517 2920 notauit,
554 2835 615 2902 etsi
646 2857 711 2901 non
740 2835 924 2922 neglexeris
953 2836 1099 2903 Gellium
1131 2859 1150 2902 a
1178 2834 1336 2904 Cicerone

287 2954 437 3042 inpurum
470 2951 707 3020 adolescentem
729 2952 898 3020 nominari.
942 2955 997 3018 sed
1019 2953 1066 3019 illi
1086 2954 1134 3019 rei
1156 2953 1336 3020 cauendum

288 3080 338 3138 est
357 3093 399 3135 ne
419 3069 552 3136 nimium
573 3070 772 3154 tribuamus,
803 3092 876 3136 cum
898 3070 1047 3136 dubitare
1067 3093 1133 3137 nou
1149 3073 1245 3138 liceat
1258 3071 1337 3159 quin
1461 3083 1462 3100 ¹

286 3187 382 3254 bomo
406 3209 502 3276 quern
515 3188 653 3254 «fallendi
681 3187 805 3274 flagitio
827 3186 969 3254 deditum
992 3190 1110 3254 scimus
1131 3189 1172 3254 ab
1193 3188 1337 3256 incestus

287 3307 406 3372 scelere
421 3328 484 3372 non
501 3305 715 3371 abhorruerit
734 3327 843 3394 nequo
854 3312 962 3372 tamen
977 3317 1170 3394 argumenta
1184 3307 1338 3392 grauiora

286 3422 412 3506 dosunt,
434 3423 551 3509 quibus
566 3423 725 3488 sententia
740 3421 794 3487 ille
810 3433 1029 3510 oppugnatur.
1072 3423 1211 3510 primum
1225 3423 1337 3492 uxoris

287 3539 387 3606 Gellii
415 3564 435 3604 a
457 3537 614 3606 Cicerone
643 3549 914 3604 commemoratae
945 3537 1107 3608 Catullum
1139 3540 1337 3608 mentionem

287 3678 353 3723 non
374 3655 489 3722 fecisse
509 3679 568 3721 nos
590 3679 685 3746 quam
707 3657 847 3722 maxime
877 3657 1070 3741 offenderet,
1102 3660 1129 3724 si
1158 3658 1286 3725 Gellius
1318 3682 1338 3724 a

288 3772 417 3841 Catullo
440 3774 650 3861 reprehensus
666 3773 774 3842 Clodii
796 3773 917 3842 amicus
939 3775 995 3842 ille
1014 3775 1135 3842 fuisset.
1157 3777 1229 3863 quia
1251 3776 1337 3844 enim

288 3893 356 3960 ueri
379 3891 480 3958 simile
500 3891 664 3980 putauerit
684 3890 835 3976 Gellium,
857 3891 912 3978 qui
934 3894 1082 3960 ethome
1104 3892 1337 3981 perfidissimus
