2950 4480
284 341 407 426 ‚xum

285 554 338 618 soei
359 551 392 618 V
414 554 567 618 numos
587 551 1309 639 mihlbloreinw1animaehlssloorda]

284 675 354 738 orde
377 671 439 738 Vh
461 672 500 738 of.
522 687 592 730 Lm
615 670 656 735 47
678 673 801 752 cedant]
824 673 958 739 emdant
975 671 1005 737 L
1020 672 1034 754 ll
1047 687 1127 728 ιω
1144 669 1187 736 25
1201 680 1306 752 aude]

285 791 744 869 oaetoehoilbliouotoel
772 790 1306 874 aaewVLlfflfflffllPtae-

285 913 413 990 atomis]
426 912 585 996 phetontis
607 907 638 974 V
655 909 873 995 prooemiali
888 913 904 994 Ι,
915 925 1005 968 vaffl
1019 907 1305 994 ltproaottaaam]

283 1030 507 1115 proruentem
522 1028 592 1096 Vh.
615 1067 648 1078 -
666 1029 771 1111 Atqui
785 1029 907 1094 dixerit
920 1030 1059 1096 fortasse
1073 1030 1236 1113 quispiam
1250 1049 1307 1096 me

285 1150 403 1216 falsam
416 1150 523 1214 faeere
535 1148 786 1214 conclusionem.
810 1169 853 1214 ex
863 1149 1028 1232 seriptum
1038 1150 1127 1214 enim
1143 1148 1304 1214 librorum

284 1267 380 1334 GDO
402 1269 544 1334 alierum
566 1269 601 1334 in
624 1269 685 1334 hae
707 1289 743 1334 re
764 1267 850 1334 nihil
873 1269 958 1334 efflei
974 1267 1125 1352 possode
1140 1269 1304 1354 scriptura

283 1387 360 1452 libri
387 1387 428 1452 V.
478 1405 557 1451 nam
591 1388 626 1450 in
659 1387 750 1452 hisee
782 1396 815 1452 et
847 1387 1012 1454 similibus
1045 1389 1144 1452 rebus
1177 1388 1303 1454 aeribus

283 1506 389 1592 magis
412 1525 454 1570 er
468 1507 586 1570 aetatis
601 1525 680 1570 suae
695 1505 932 1572 consuetudine
947 1527 1048 1588 quam
1062 1505 1103 1572 ab
1119 1506 1301 1590 exemplari

283 1647 342 1692 suo
364 1623 514 1709 pendere.
559 1643 659 1708 quam
681 1627 881 1690 sententiam
903 1633 942 1692 ut
963 1625 1128 1702 refellam,
1156 1625 1240 1692 nihil
1262 1625 1304 1690 (le

284 1745 517 1828 aequabilitate
538 1746 572 1808 in
603 1745 693 1810 hisee
720 1745 819 1814 rebus
846 1745 1005 1823 mamma,
1034 1765 1119 1827 quae
1145 1746 1181 1810 in
1208 1745 1303 1810 libris

285 1865 491 1930 auctoritatis
515 1866 681 1931 maximae
707 1875 770 1940 est,
794 1863 911 1930 diuam.
955 1863 1010 1928 sed
1034 1863 1076 1928 ad
1099 1864 1302 1949 diligentiam

285 1983 411 2048 sor-ibae
433 1981 510 2047 libri
524 1984 750 2066 germanensis
766 2003 916 2066 prououo‚
939 1977 1037 2066 quem
1053 1984 1177 2052 suimus
1191 2005 1302 2050 exem·

284 2102 359 2186 plur
380 2121 561 2166 uerenense
583 2111 659 2168 ante
682 2103 792 2168 oeulos
815 2101 987 2169 habuisse:
1010 2101 1047 2166 in
1061 2123 1126 2186 quo
1140 2104 1170 2168 si
1185 2103 1306 2186 ubique

286 2221 346 2287 ille
368 2243 405 2286 ae
427 2223 587 2306 seriptum
609 2223 799 2300 inuenisset,
822 2243 898 2289 eum
922 2223 984 2288 hoe
1004 2222 1211 2306 pauoiseimis
1225 2221 1307 2288 loeis

286 2361 437 2408 seruasse
459 2350 493 2406 et
515 2342 614 2408 huius
637 2343 707 2408 looo
729 2362 797 2406 non
819 2341 1031 2424 aliquotiens,
1059 2341 1117 2406 sed
1139 2342 1269 2406 miliens
1289 2363 1305 2406 a

285 2462 452 2546 seripsisse
474 2462 606 2528 eredere
628 2462 761 2528 omnino
783 2483 851 2529 non
871 2481 1022 2544 possum:
1043 2481 1193 2547 possum,
1215 2461 1245 2526 si
1273 2467 1306 2526 st

285 2589 359 2664 eet
378 2604 394 2646 e
415 2582 483 2647 iam
505 2581 541 2646 in
563 2582 737 2647 ueronensi
759 2580 952 2665 saepissime
977 2580 1080 2648 fuisse
1107 2580 1303 2646 ooueeditur.

285 2699 403 2764 ‹leinde
424 2701 453 2765 si
476 2701 532 2784 qui
555 2701 632 2766 huie
653 2707 785 2766 nostrae
806 2700 990 2766 sententiae
1010 2693 1175 2784 opponere
1196 2699 1301 2766 uelint

285 2819 320 2883 id
342 2818 428 2901 quod
448 2841 464 2884 e
484 2840 545 2903 pro
568 2841 605 2886 ae
626 2821 795 2902 aliquanto
820 2828 897 2904 post
919 2841 1045 2886 nonum
1073 2819 1208 2886 demum
1235 2839 1302 2884 sae-

285 2939 397 3006 eulum
412 2938 511 3005 soribi
525 2945 678 3022 eoeptum
692 2940 745 3017 sit,
769 2941 822 3008 his
836 2938 1101 3026 respondendum
1117 2939 1303 3023 opinionem

285 3059 380 3124 illem
402 3059 482 3125 olim
503 3058 678 3143 uulgarem
699 3059 915 3128 falsissimam
942 3079 1034 3126 esse:
1068 3058 1190 3138 ueluti,
1218 3057 1303 3140 qnod

286 3176 487 3245 FDuebneri
510 3177 701 3246 humanitas
722 3179 829 3246 amieo
849 3199 904 3244 me
923 3177 1043 3254 doouit,
1066 3177 1133 3248 iarn
1147 3177 1183 3248 iu
1198 3175 1304 3244 oodiee

286 3293 486 3361 solmesiano
508 3296 717 3382 anthologiao
738 3296 861 3364 latinae
882 3296 1055 3366 notissimo
1070 3296 1141 3376 illo,
1162 3297 1220 3378 ‘lui
1234 3315 1303 3362 sae

285 3414 360 3480 oulo
381 3415 520 3498 septimo
541 3416 684 3499 seriptus
705 3427 763 3493 est,
786 3423 906 3498 quarta
920 3415 1065 3500 emplius
1080 3415 1229 3486 omnum
1242 3412 1304 3483 nu

285 3552 361 3615 pars
388 3555 447 3618 per
474 3533 505 3600 u
534 3543 669 3602 exarata
700 3543 769 3600 est:
802 3536 839 3600 in
871 3535 982 3604 eodiee
1014 3543 1128 3601 autem
1160 3533 1304 3603 thuaneo

285 3673 444 3720 numerus
470 3653 752 3738 diphthongorum
766 3675 826 3738 per
839 3677 855 3719 e
871 3653 1119 3740 designatarum
1134 3655 1240 3721 maior
1254 3661 1304 3722 est

285 3793 384 3856 quam
407 3771 688 3856 diphthongorum
704 3775 798 3857 new).
825 3774 889 3842 hae
902 3773 947 3842 do
958 3795 994 3840 ra
1009 3781 1047 3838 ut
1061 3775 1162 3842 linem
1176 3774 1307 3850 moion,

387 3909 421 3962 43
443 3910 476 3966 of.
498 3907 575 3962 etim
596 3909 769 3964 naumann
791 3911 824 3964 ad
845 3911 918 3962 laum.
941 3928 969 3977 p.
989 3911 1006 3962 b
1030 3909 1192 3964 Momm·
1217 3907 1304 3978 pbilol.
