3002 4490
163 333 244 388 xlm
269 335 317 388 DE
337 334 475 388 ummo
494 335 687 400 TORQVATO
704 337 751 390 ΕΤ
768 335 868 390 vnde
884 335 1135 392 AVBVNGVLEIA
1162 341 1214 392 m

164 501 246 568 hese
264 500 456 568 ednotouit:
472 501 610 566 Mustio
626 501 677 568 ds'c
693 499 812 568 ruerem
825 525 962 582 mern,
976 509 1060 570 coins
1072 505 1215 591 apertus

163 615 345 684 celebratum
383 628 426 682 est
460 617 707 702 epeidohsmsism,
741 617 813 702 foto
846 617 1026 706 dffonctom
1058 620 1215 686 temetum

163 735 277 816 delicus
301 737 377 798 misti
404 737 549 798 moris
575 733 808 800 oonwlodonem
835 759 858 800 a
880 732 999 802 Ootnilo
1017 757 1077 822 per
1097 737 1213 824 spuitu-

164 852 228 916 ium
255 850 426 938 quaesiuit,
456 849 639 938 ss‘psisioem
662 873 696 916 se
723 851 912 936 dsfortsnoto
941 853 1083 942 oonisps'e
1109 853 1215 920 Iuliae

156 965 234 1053 foto
264 967 481 1034 mtioe'obs'ds'tsr
515 989 695 1053 oppressum
729 969 874 1034 minem
907 969 1021 1036 solemn
1051 975 1212 1058 requerere.

164 1085 249 1150 hene
268 1083 520 1172 explicationem
542 1105 654 1150 uersus
674 1085 695 1149 5
716 1095 749 1150 et
768 1085 789 1150 e
810 1085 932 1174 optime
952 1095 1085 1153 tuentur
1108 1109 1116 1153 ε

264 1222 352 1288 qoem
374 1223 468 1288 nequae
487 1211 591 1265 concta
621 1199 718 1266 Venus
739 1200 822 1266 molli
841 1205 1028 1288 requiescere
1049 1225 1154 1270 corono

314 1321 464 1384 desertum
484 1320 515 1383 in
535 1317 611 1382 lecto
631 1316 745 1382 coelibe
763 1320 944 1404 perpetitur.

162 1434 196 1502 iu
229 1433 279 1500 his
311 1434 416 1501 lectus
448 1433 573 1500 coelebs
600 1433 642 1500 de
668 1431 753 1502 lecto
780 1433 835 1522 qui
863 1433 982 1523 nuptiis
1009 1437 1213 1504 sternebatur

162 1549 281 1640 geniali
302 1559 377 1639 poet
395 1549 541 1637 coniugio
564 1559 700 1616 mortem
722 1550 819 1616 uidoo
840 1551 921 1639 (quo
943 1573 1040 1618 sensu
1061 1553 1158 1619 οτίαπι
1185 1553 1213 1618 is

164 1669 221 1757 qui
242 1666 407 1734 heroidum
428 1688 512 1754 quse
527 1663 637 1733 Ouidii
657 1666 761 1734 fertur
775 1691 829 1734 xus
850 1666 978 1756 scripsit
991 1667 1082 1754 (107)
1104 1671 1212 1736 mom

164 1785 308 1852 coelibem
329 1795 363 1850 et
384 1782 531 1852 Catullus
551 1785 620 1871 ipse
641 1801 719 1849 nxvr
742 1783 780 1848 21
804 1784 911 1850 orbum
930 1783 1028 1852 cubile
1048 1785 1215 1871 dixerunt)

162 1899 399 1990 intellegendus
421 1919 528 1988 neque
548 1921 622 1965 cum
645 1895 814 1986 scaligero
837 1898 957 1988 Vulpio
971 1899 1151 1988 Doesingio
1175 1900 1216 1968 de

163 2019 320 2088 moenio
345 2039 443 2106 quem
464 2027 663 2082 uocauerunt
684 2017 768 2082 lecto
791 2027 890 2106 etque
912 2015 953 2082 de
974 2015 1110 2084 discidio
1131 2017 1216 2084 inter

163 2135 320 2202 Montium
343 2144 376 2200 et
397 2132 536 2222 puellum
558 2141 698 2202 ernotm
720 2141 792 2200 orto
807 2132 1020 2222 explicandus
1034 2145 1093 2201 est
1127 2157 1216 2203 uem·

164 2273 229 2342 qne
255 2259 401 2318 nomem
429 2247 728 2337 interpretotionem
759 2248 930 2316 edourstus
958 2249 1111 2338 loquendi
1139 2273 1216 2318 usus

163 2367 307 2457 flagitet,
333 2387 429 2455 quem
450 2367 638 2453 neglectum
658 2373 774 2455 putere
794 2365 874 2432 nihil
896 2367 1002 2454 cogit,
1029 2389 1102 2435 cum
1131 2389 1216 2458 quoe

164 2485 303 2574 Vulpius
342 2481 600 2571 interpretationi
633 2481 799 2550 Parthenii
835 2483 1006 2572 opposuit,
1042 2483 1103 2552 etsi
1137 2485 1215 2551 setis

164 2603 251 2670 leuis
281 2611 358 2668 sunt
388 2611 422 2667 et
451 2599 552 2668 multo
583 2599 738 2686 meiere
769 2599 887 2687 opponi
922 2609 1074 2686 poterent
1101 2601 1217 2686 (ueluti

164 2717 289 2801 Mnnlii,
310 2719 402 2784 cuiue
423 2717 543 2783 lectum
564 2716 720 2784 coelibem
739 2737 810 2782 esse
828 2737 941 2782 uersus
962 2715 1110 2801 ddecet,
1130 2719 1217 2806 puel·

165 2837 230 2904 ism
258 2843 399 2903 ememus
425 2833 529 2922 ipsum
559 2833 592 2900 iu
614 2855 709 2900 uersu
733 2834 795 2900 155
815 2835 883 2900 sitia
902 2833 1009 2918 felices
1030 2846 1059 2900 et
1077 2847 1109 2899 tu
1129 2837 1220 2902 senet

165 2965 193 3019 et
212 2965 265 3018 usn
285 2955 351 3018 nito
372 2947 644 3034 commemorari),
666 2971 706 3017 eo
727 2950 816 3016 omni
837 2950 981 3038 pendere
1002 2951 1220 3019 destituentur

164 3069 253 3157 quod
273 3089 316 3134 ex
339 3068 481 3134 carmine
503 3073 617 3134 nxvssd'
636 3067 747 3154 utique
767 3067 810 3132 eb
830 3067 973 3134 carmine
995 3083 1109 3134 nxvrss·
1130 3089 1219 3154 sepe·

165 3185 266 3252 raudo
296 3183 352 3270 (ct.
374 3205 473 3271 supro
493 3207 525 3272 p.
549 3184 587 3249 il
611 3193 644 3250 et
664 3182 804 3272 Gruppii
825 3183 944 3252 Minois
964 3206 996 3273 p.
1018 3185 1095 3269 503)
1116 3183 1219 3274 petite

164 3312 249 3380 sunt.
281 3300 385 3390 quid?
409 3300 496 3391 quod
512 3302 608 3368 homo
623 3303 680 3390 qui
694 3301 863 3368 discidium
882 3301 1010 3391 puellae
1024 3323 1103 3368 sune
1115 3303 1219 3390 quesi-

165 3431 219 3486 tur
244 3418 308 3486 dici
336 3441 402 3485 non
431 3428 538 3508 petest
565 3419 695 3486 fortune
722 3441 865 3509 cunque
895 3417 1016 3487 uuerbe
1046 3440 1219 3507 oppressus

165 3555 259 3602 esse:
279 3535 377 3602 immo
403 3533 459 3624 qui
480 3557 633 3602 uersuum
658 3536 739 3600 1-4
759 3536 953 3602 sententium
976 3535 1219 3620 exemiunuerit

165 3671 292 3718 mecum
322 3651 503 3720 consentiet
537 3653 569 3720 in
606 3651 656 3718 his
687 3652 786 3719 fetcle
821 3651 943 3740 aliquid
976 3651 1062 3739 quod
1095 3651 1218 3718 Manlio

165 3768 322 3856 obtigerit
349 3768 526 3836 indicetusn
554 3789 625 3835 esse
654 3789 714 3836 nec
746 3768 788 3836 de
814 3770 881 3836 ulle
909 3791 944 3836 re
970 3768 1031 3836 nisi
1053 3769 1094 3836 de
1114 3777 1219 3836 morte

164 3885 313 3976 coniugis
333 3908 430 3976 posse
454 3885 601 3974 cogitari.
632 3896 708 3952 sunt
729 3895 836 3954 sutem
857 3885 890 3951 hi
911 3911 918 3950 ι
