2954 4492
294 335 341 385 1³⁰
574 333 598 382 V
632 333 680 386 DE
697 331 876 389 AMORIBVS
892 333 1046 386 curvum

286 509 434 566 mortuus
456 507 506 564 est
526 521 626 566 unum
641 499 832 566 concludere
847 499 932 584 lieet,
951 503 1014 566 ism
1036 501 1237 590 aliquantum
1257 511 1337 568 tem·

286 617 374 704 poris
401 627 477 683 unte
506 617 593 683 huno
621 641 739 697 annum
762 615 924 684 Catullum
952 617 1090 684 Lesbiae
1111 639 1220 685 amore
1241 641 1335 686 usum

287 757 368 800 esse.
412 734 469 800 sed
490 734 552 800 hoo
573 757 686 821 portum
709 757 767 800 nos
788 734 888 800 iuuat.
931 734 1041 823 iterque
1065 735 1233 802 uideamus
1258 736 1336 824 quid

285 850 347 916 uiri
378 850 466 916 docti
496 850 538 915 de
566 851 657 918 initio
688 850 805 916 amoris
832 851 1011 917 statuerint.
1053 851 1227 939 Helbigius
1248 853 1283 940 (l.
1306 876 1334 920 e.

285 988 314 1053 p.
343 966 433 1050 1218)
458 965 623 1034 Catullum
653 968 751 1033 sumit
780 967 856 1034 iude
877 968 918 1034 sb
939 990 1025 1034 enno
1049 969 1165 1046 oeulos
1188 968 1333 1036 Clodiam

285 1084 463 1166 emeruisse,
501 1093 613 1151 eontra
642 1083 916 1171 Iungolsussenus
938 1084 974 1168 (l.
1002 1108 1030 1152 o.
1053 1109 1082 1173 p.
1114 1087 1167 1170 13)
1198 1085 1336 1152 coniecit

283 1221 402 1266 ennom
423 1201 543 1278 692162
571 1200 710 1288 primum
743 1199 859 1266 umoris
887 1201 974 1267 illius
995 1201 1103 1267 tuisse.
1143 1213 1260 1268 neuter
1280 1201 1335 1268 ed·

285 1318 426 1384 ourstius
448 1317 642 1384 sententium
663 1339 753 1383 susm
769 1317 923 1406 probauit
943 1339 951 1382 ε
972 1327 1117 1405 uterque,
1140 1319 1223 1384 utin
1237 1318 1335 1404 pleno

284 1443 341 1516 est,
363 1436 468 1522 magis
483 1435 651 1500 arbitrium
668 1433 832 1524 quoddam
846 1433 979 1500 liberius
1001 1456 1099 1521 qusm
1120 1443 1226 1501 oertss
1240 1434 1336 1500 rstio

283 1571 340 1616 nes
363 1561 493 1617 secutus
515 1561 573 1635 est,
602 1548 688 1641 quod
709 1572 774 1617 non
796 1551 868 1618 ideo
891 1551 1013 1618 dietum
1035 1551 1110 1617 uolo
1132 1561 1169 1618 ut
1189 1551 1335 1616 uirorum

284 1666 411 1733 illorum
433 1667 621 1754 diligentiae
644 1667 764 1756 aliquid
783 1667 967 1750 detraham,
999 1666 1058 1734 sed
1088 1679 1257 1735 uteorum
1279 1667 1336 1758 qni
1458 1705 1459 1768 3

283 1785 394 1872 legent
412 1784 536 1851 animos
551 1785 592 1852 de
606 1784 796 1852 difficultate
816 1786 911 1851 huius
933 1786 1132 1874 quaestionis
1154 1784 1334 1868 adrem,
1458 1779 1459 1796 ¹

282 1900 315 1967 in
348 1923 413 1990 que
446 1901 626 1969 dirimenda
655 1905 858 1990 argumentis
886 1901 1011 1969 idoneis
1032 1902 1246 1970 destituimur.
1290 1915 1335 1969 et·

282 2017 367 2084 enim
400 2018 440 2084 de
468 2018 567 2085 initiis
595 2017 714 2084 amoris
743 2019 830 2084 illius
862 2019 968 2086 nullos
996 2018 1059 2085 nisi
1086 2040 1129 2085 ex
1153 2019 1220 2086 eius
1242 2017 1336 2106 qussi

281 2134 421 2200 decursu
457 2145 490 2200 et
525 2135 616 2202 exitu
658 2133 859 2201 coniectores
898 2136 1006 2202 fecere
1042 2135 1128 2202 lieet.
1185 2136 1335 2202 omnibus

281 2251 383 2337 igitur
404 2272 487 2338 quoe
508 2251 571 2317 hun
592 2252 699 2318 fecere
731 2251 884 2318 uidentur
912 2251 1067 2340 respectis
1095 2252 1235 2340 primum
1256 2252 1334 2320 Hel·

282 2367 362 2454 bigii
392 2368 552 2435 sententis
583 2367 765 2436 recusanda
794 2379 852 2436 est.
896 2367 992 2436 modo
1022 2369 1108 2436 euim
1130 2367 1270 2434 diximus
1291 2391 1336 2436 ox

282 2484 424 2550 ommino
451 2503 577 2551 oxum
610 2485 768 2573 adparere
799 2484 875 2551 utino
907 2485 1003 2552 etism
1034 2493 1105 2550 tum
1136 2484 1177 2565 Q.
1199 2485 1334 2554 Metello

281 2601 366 2668 inter
393 2610 537 2668 ementes
565 2600 747 2668 inimicitius
780 2599 937 2690 qussdsm
966 2603 1029 2670 ism
1065 2602 1220 2670 extitisse
1277 2605 1336 2670 ito

283 2741 347 2808 que
379 2717 543 2786 Catullum
564 2721 648 2784 oum'
663 2730 739 2785 ante
761 2717 930 2786 discidium
953 2719 1032 2786 illud
1054 2741 1112 2808 per
1132 2719 1335 2808 aliquantum

1454 2305 1459 2362 l

282 2836 435 2923 temporis
464 2857 574 2901 emore
605 2857 670 2901 non
699 2835 831 2902 turbato
860 2833 998 2903 Clodiae
1025 2859 1120 2902 usum
1141 2859 1213 2903 esse
1234 2839 1335 2906 muni·
1458 2849 1459 2886 ³

282 2954 400 3020 festum
429 2953 490 3035 sit,
528 2973 613 3019 suno
635 2951 676 3032 Q.
698 2951 825 3020 Metelli
847 2955 960 3020 ultimo
995 2954 1023 3020 is
1053 2953 1203 3022 Olodism
1223 2977 1334 3022 smum

280 3072 424 3159 coepisse
438 3091 504 3135 non
518 3079 633 3157 potest
672 3069 786 3136 melius
801 3069 1075 3158 Iungoleussenus
1095 3093 1165 3138 rem
1194 3074 1334 3158 gessisse

283 3186 420 3271 uidetur,
442 3187 533 3254 ouius
549 3185 691 3273 opinioni
713 3187 770 3252 uix
789 3187 893 3254 habeo
916 3188 1003 3277 qnod
1024 3209 1198 3277 opponam.
1241 3211 1334 3277 pree

282 3307 395 3393 eipuus
408 3306 442 3370 in
456 3304 517 3370 hoo
531 3305 721 3392 quaestione
736 3325 812 3370 usus
836 3313 886 3370 est
900 3325 1012 3371 eorum
1027 3327 1111 3394 qnae
1131 3327 1230 3394 supro
1244 3328 1275 3393 p.
1291 3307 1334 3374 66

283 3422 323 3488 de
351 3432 497 3509 tempore
526 3442 591 3509 quo
626 3420 755 3488 Caelius
781 3418 930 3488 Olodiem
958 3425 1080 3488 smsuit
1112 3422 1331 3490 disseruimus.

282 3537 374 3605 bonis
394 3540 481 3603 enim
502 3538 703 3624 argumentis
725 3539 818 3606 nobis
839 3539 994 3625 probasse
1014 3539 1163 3606 uidemur
1184 3536 1333 3606 Coelium

282 3841 347 3894 egro
380 3827 513 3896 Osmpsno
543 3828 686 3882 diuidendo
714 3829 812 3880 Iulium
843 3830 998 3880 torruerunt
1031 3830 1078 3894 (ol.
1108 3829 1255 3882 Drummni
1281 3829 1334 3883 HR

280 3935 310 3971 ιιι
328 3924 398 3988 206).
