2970 4484
429 391 467 443 11
502 391 550 443 DE
567 393 598 446 G.
616 393 749 446 atomio
767 393 886 446 OALVO
1132 399 1183 450 ste

131 557 212 646 qnin
234 558 298 622 iam
318 557 374 624 illo
395 569 541 647 tempore
562 559 710 626 Vatinius
733 557 886 640 Caluum,
915 583 1010 650 quem
1032 563 1093 631 sibi
1114 585 1184 651 per·

130 673 249 740 niciem
279 674 384 740 moliri
416 675 532 759 sciret,
565 675 641 742 odio
674 699 771 764 quam
798 678 1080 745 uehementissime
1112 702 1195 768 per-s

132 799 264 856 secutus
295 791 347 858 ait.
399 792 530 858 minime
560 792 661 881 igitur
696 795 842 880 cogimur
877 805 913 860 ut
948 817 1031 862 anno
1064 797 1181 873 700154

132 915 275 974 exeunte
295 909 490 974 arbitremur
511 931 639 976 carmen
659 935 725 976 xuu
745 911 947 999 conpositum
966 935 1046 997 esse,
1069 925 1183 980 contra

132 1025 213 1090 nihil
234 1025 342 1092 obstat
364 1049 428 1114 quo
451 1027 555 1093 minus
576 1027 653 1093 illud
674 1027 837 1095 Catullum
855 1029 1082 1096 Saturnalibus
1104 1030 1181 1096 anni

130 1141 251 1221 699155
284 1143 338 1210 nal
378 1143 497 1222 698156
532 1144 698 1234 scripsisse
741 1154 928 1212 statuamus.
979 1146 1111 1212 breuius
1139 1146 1180 1214 de

129 1269 277 1348 tempore
298 1281 363 1347 quo
384 1283 512 1328 carmen
536 1281 590 1328 Lru
613 1265 687 1328 Res
703 1264 808 1330 ποιοῖο
829 1287 915 1351 qoem
930 1263 1021 1328 modo
1036 1287 1051 1327 e
1068 1285 1182 1330 eorm

130 1386 230 1464 poeta
255 1376 367 1444 facerit
395 1377 551 1466 disputari
582 1388 698 1468 potest.
741 1402 814 1446 cum
846 1380 931 1446 anim
962 1379 1011 1445 his
1041 1382 1182 1446 uersicu-

128 1493 170 1559 lis
201 1491 348 1562 Catullus
382 1493 547 1560 cuiusdam
585 1494 626 1560 de
657 1493 760 1564 Caluo
794 1496 827 1562 in
856 1495 1020 1562 Vatinium
1052 1497 1181 1584 publice

131 1619 246 1676 orante
277 1611 382 1678 faceto
417 1611 540 1679 dictum
574 1623 703 1695 narret,
737 1613 873 1701 adparet
907 1635 1036 1678 carmen
1072 1634 1180 1679 mense

130 1725 248 1796 Sextili
269 1727 346 1794 anni
368 1728 485 1806 700154
506 1728 657 1816 scriptum
680 1751 759 1794 esse.
802 1738 944 1795 ceterum
966 1750 1000 1793 re
1015 1751 1093 1794 nera
1108 1727 1180 1795 (lal-

130 1867 209 1912 uum
231 1846 365 1912 crimina
387 1845 561 1911 Vatiniana
581 1845 715 1912 mirifice
737 1846 917 1933 explicasse
941 1855 975 1912 et
994 1852 1062 1910 tum
1084 1843 1179 1933 potie-

129 1961 245 2028 simum
276 1959 511 2028 exclamatione
543 1960 649 2050 lepida
679 1961 734 2026 ills
769 1967 872 2049 moqm'
903 1963 951 2038 cli,
985 1961 1178 2047 salaputium

127 2081 273 2146 &swam
292 2077 515 2166 dignissimum
537 2077 637 2144 luisse
650 2078 766 2166 partim
779 2077 891 2144 laudes
913 2078 1029 2166 quibos
1050 2087 1178 2144 ueteres

128 2195 302 2284 scriptores
323 2207 455 2284 praeter
484 2205 608 2262 ceteras
633 2194 727 2263 Galui
749 2195 909 2262 orationes
929 2195 1120 2262 Vatinianns
1144 2198 1178 2261 in

128 2311 241 2402 primis
270 2311 428 2378 extollunt
450 2311 541 2397 (dial.
563 2310 604 2378 de
626 2323 703 2378 orat
725 2311 767 2376 34
786 2313 816 2376 5.
852 2311 950 2394 212)
981 2313 1174 2379 documento

128 2439 214 2512 sunt,
235 2427 355 2516 partim
376 2427 607 2496 exclamatione
630 2429 704 2510 illa,
730 2452 802 2514 rope
822 2451 894 2506 nos,
925 2430 1059 2511 mdbss,
1091 2452 1175 2507 aura,

128 2548 161 2613 σι’
179 2547 237 2612 iste
250 2546 377 2611 &aba
390 2556 443 2622 est,
465 2547 533 2610 sileo
552 2567 601 2610 me
613 2545 760 2610 domani
770 2548 910 2630 operae?
951 2568 1016 2634 qua
1030 2555 1176 2613 metuens

128 2683 171 2728 ne
191 2661 278 2729 illius
298 2661 482 2751 eloquentia
502 2660 684 2728 admirabili
703 2662 824 2749 periret
840 2671 1060 2729 accusatorem
1081 2663 1176 2730 inter·

127 2779 272 2867 pellauit,
294 2777 444 2844 Vatinius
464 2779 532 2865 ipse
553 2788 688 2844 testatus
710 2787 767 2844 est

211 2895 252 2962 In
280 2895 474 2961 carminibus
503 2913 525 2960 n
553 2907 585 2960 et
612 2913 760 2962 Lxxxxvr
788 2895 866 2961 nibil
893 2907 942 2963 est
971 2918 1035 2983 quo
1064 2919 1173 2963 eorum

127 3023 276 3102 tempora
304 3011 439 3078 definire
464 3011 578 3100 possis.
629 3020 725 3098 poeta
753 3012 912 3080 desiderio
940 3022 1053 3100 captus
1071 3012 1175 3095 Calui,

127 3151 268 3218 quocum
287 3129 394 3196 nescio
418 3129 472 3195 nbi
495 3129 615 3216 (neque
645 3131 746 3212 enim,
775 3139 812 3196 nt
840 3153 881 3196 ex
911 3151 1008 3196 uersu
1037 3131 1057 3195 8
1086 3135 1177 3217 arque

125 3248 212 3313 allino
232 3245 305 3312 obr's'
320 3244 527 3330 intellegitur,
548 3244 582 3310 in
603 3245 726 3313 Catulli
749 3247 842 3312 domo
864 3268 980 3334 neque,
1002 3246 1028 3312 si
1049 3256 1174 3314 tantum

128 3385 170 3430 ox
198 3385 295 3429 nemu
321 3363 343 3428 2
368 3365 491 3428 multum
519 3363 652 3430 locabam
679 3365 714 3430 s'n
740 3365 840 3429 meis
867 3363 984 3430 satollia
1013 3361 1175 3450 conligere

126 3481 220 3559 licet,
247 3479 337 3568 apud
356 3477 495 3547 Caluum
518 3479 611 3546 amici
638 3479 783 3564 fuerunt)
815 3478 877 3545 diei
905 3480 1045 3566 proximi
1074 3482 1174 3546 otium

127 3617 202 3664 cum
222 3595 256 3664 iu
278 3596 354 3664 uino
376 3607 443 3662 tum
466 3597 500 3662 in
522 3597 667 3663 uersibus
690 3597 837 3662 certatim
868 3596 1107 3663 conscribendis
1128 3597 1174 3666 io·

127 3712 322 3780 candissimo
337 3724 587 3802 consumpserat,
607 3735 736 3780 carmon
752 3713 1054 3802 quinquagesimum
1069 3716 1173 3782 amico

127 3830 214 3897 misit
234 3830 370 3920 petitum
393 3831 565 3897 utiterum
588 3849 623 3896 se
644 3828 833 3896 conueniret
854 3841 887 3897 et
911 3829 1075 3898 reuiserct
1108 3853 1172 3898 non

126 3949 291 4036 aloquitur
312 3945 443 4035 qnidam
469 3947 622 4014 adcurate
643 3957 740 4034 poeta
762 3947 872 4035 quoles
893 3941 1025 4034 ‘preces'
1046 3949 1092 4031 (u.
1118 3949 1171 4031 18)
