2970 4484
317 322 368 372 210
518 317 595 370 vnn
630 317 678 371 DE
695 315 854 370 CAESARE
870 315 1163 370 ercammarum

313 485 406 551 annis
428 484 490 550 illis
511 484 712 574 prouinciam
728 481 912 571 Bithyniam
928 491 961 548 et
976 482 1115 548 Pontum
1130 481 1364 566 administrare,

315 623 387 666 cum
408 601 631 688 quinquennio
653 600 780 665 demum
802 607 874 686 post
896 618 981 665 anno
1002 599 1120 676 680174
1139 597 1319 665 Nicomede
1335 621 1365 664 ιιι

315 727 442 783 mortuo
461 717 617 804 Bithynia
645 717 776 803 propria
804 716 838 780 in
859 715 1044 802 prouinciae
1065 715 1202 781 formam
1230 715 1365 782 redacta

314 847 348 901 et
377 834 516 900 sedecim
547 833 675 899 demum
704 831 797 899 annis
820 841 895 920 post
927 855 1010 898 auno
1037 831 1155 910 691163
1175 831 1365 900 Mithridate

314 952 401 1018 uicto
423 958 457 1016 et
478 960 605 1016 mortuo
621 948 867 1037 Paphlagoniae
888 961 981 1037 parte
999 950 1109 1037 aliqua
1131 949 1186 1033 (cf.
1203 947 1366 1016 Schoene

314 1091 451 1134 mannua
472 1067 512 1133 de
534 1065 688 1152 Bithynia
709 1087 740 1153 p.
762 1065 798 1150 2)
826 1049 937 1132 addita
964 1065 1134 1154 prouincia
1154 1065 1313 1153 Bithynia
1333 1077 1367 1130 at

315 1185 441 1250 Pontus
469 1183 616 1250 instituta
644 1182 695 1248 sit.
747 1182 858 1268 itaque
885 1181 946 1248 hac
972 1203 1103 1270 quoque
1130 1181 1294 1248 sententia
1318 1182 1366 1246 iu·

315 1302 451 1388 probata
464 1299 497 1364 in
512 1299 698 1365 coniectura
712 1300 753 1365 ab
772 1297 916 1386 Hauptio
931 1300 1099 1386 proposita
1112 1297 1206 1365 nobis
1219 1297 1367 1385 adquiaa

314 1417 451 1482 cendum
473 1427 534 1482 cst.
576 1415 651 1482 aaut
669 1418 805 1502 quidem,
834 1415 938 1501 inquit
964 1415 1013 1481 uir
1042 1414 1213 1502 egregius,
1241 1414 1368 1501 praeda

316 1535 446 1598 Pontica
466 1533 551 1598 uallo
572 1531 690 1598 adeor
708 1555 776 1598 case
790 1532 854 1596 olio
871 1554 961 1618 quum
976 1530 1098 1597 diuidua
1117 1531 1193 1596 ittae
1207 1532 1369 1596 maximae

315 1673 394 1737 quos
429 1649 602 1735 Pompeiam
640 1671 680 1714 em
715 1647 790 1712 bello
826 1647 1034 1714 Mulauaato
1067 1647 1238 1733 reportaur't
1277 1661 1369 1734 atque

315 1768 616 1855 arapnaficmtiaaimo
637 1764 792 1849 triumpho
812 1788 892 1830 anae
905 1763 1030 1842 693161
1047 1765 1160 1849 populo
1176 1771 1367 1831 monstrarat

315 1884 397 1949 hauc
426 1881 579 1970 praedam
609 1903 630 1946 a
661 1879 817 1966 Pompeio
844 1879 964 1946 factam
994 1879 1142 1946 Catullus
1181 1902 1220 1945 eo
1257 1879 1368 1967 aptiua

315 1998 580 2066 commemorauit
611 1995 698 2083 quod
721 1995 920 2062 Mamurram
948 1995 1107 2062 inmodice
1135 1995 1367 2085 locupletatum

316 2135 386 2182 esse
408 2123 440 2179 et
454 2113 587 2182 Caesari
608 2123 641 2180 et
654 2111 809 2200 Pompeio
831 2113 957 2180 crimini
972 2122 1004 2178 et
1019 2113 1099 2180 uitio
1113 2112 1222 2180 uertit.
1259 2135 1367 2202 neque

315 2241 497 2320 temporum
519 2230 598 2295 ordo
619 2229 653 2294 in
673 2229 811 2296 Pontica
831 2239 864 2296 et
886 2228 1011 2296 Hibera
1032 2230 1151 2316 praeda
1176 2251 1368 2298 enumeran-

315 2349 357 2416 da
377 2346 591 2414 confunditur.
633 2369 708 2412 nam
730 2346 906 2434 Pompeius
933 2367 1017 2414 anno
1043 2345 1191 2434 proximo
1222 2347 1288 2412 iam
1316 2369 1367 2412 rc·

315 2487 428 2532 uersus
459 2462 581 2530 ultimis
612 2462 730 2529 mensis
761 2461 964 2552 Septembris
996 2460 1111 2528 diebus
1143 2463 1219 2528 anni
1246 2463 1364 2540 693161

315 2579 536 2667 triumphauit,
551 2579 674 2648 Caesar
685 2581 833 2668 sequenti
844 2579 972 2646 demum
981 2601 1065 2646 anno
1080 2579 1186 2647 medio
1198 2601 1241 2646 ex
1249 2580 1367 2668 Hispa·

315 2697 370 2764 nia
393 2707 546 2783 praetura
574 2696 705 2762 functus
732 2695 836 2762 rediit.
886 2694 1024 2783 deniquo
1054 2697 1201 2783 profecto
1224 2695 1367 2778 Catullo,

316 2835 388 2880 cum
409 2835 493 2879 anno
515 2813 632 2891 699165
653 2813 714 2880 hoc
736 2836 865 2881 carmen
886 2815 1057 2892 scriberet,
1085 2815 1227 2882 maxima
1254 2837 1367 2882 ueren-

316 2932 391 2999 dum
413 2930 527 2996 fuisset
547 2951 589 2994 ne
610 2951 723 2998 uersus
745 2931 800 2998 ille
815 2932 898 2998 male
919 2932 1173 3019 intellegeretur,
1195 2931 1222 2998 ai
1242 2931 1277 2998 iu
1299 2954 1367 2998 car
1458 2941 1459 2970 ³

315 3047 401 3114 mine
422 3045 615 3135 Pompeium
644 3047 699 3113 uix
728 3049 835 3115 minus
864 3069 962 3134 quam
984 3048 1156 3116 Caesarem
1185 3049 1367 3136 castigante

316 3164 445 3232 nominc
473 3164 612 3251 praedae
641 3163 798 3232 Ponticae
828 3165 874 3233 ita
902 3187 979 3232 usus
1006 3175 1092 3232 esset
1119 3175 1156 3232 nt
1185 3187 1251 3231 non
1277 3165 1366 3232 illam

316 3279 604 3369 praeclarissimam
625 3292 658 3347 et
680 3282 829 3348 omnibus
845 3281 1043 3348 notissimam
1059 3280 1194 3370 Pompei
1213 3285 1367 3372 praedam

317 3398 374 3464 aed
392 3398 615 3484 nescioquam
631 3397 727 3464 ualde
742 3400 912 3466 obscuram
933 3398 1064 3465 nominc
1079 3397 1237 3466 Ponticae
1258 3399 1315 3466 uix
1337 3411 1368 3466 ct

316 3535 359 3580 ue
391 3514 448 3580 uix
475 3515 607 3601 quidem
642 3512 772 3602 diguam
805 3513 1007 3581 artificiosius
1040 3526 1073 3581 et
1103 3517 1282 3582 contortius
1312 3515 1369 3582 ad·
1457 3521 1458 3590 1

315 3629 509 3718 pellauiaaet.

400 3742 514 3814 ‘Socer
533 3739 709 3835 generque’
735 3747 839 3815 cidem
861 3757 893 3814 et
915 3770 1025 3814 eorum
1048 3749 1182 3816 deliciae
1203 3749 1370 3818 Mamurra
1457 3753 1458 3776 l

315 3873 444 3952 praeter
472 3886 602 3930 carmen
629 3886 739 3932 xxvnn
769 3864 801 3932 in
831 3864 971 3930 carmine
999 3873 1077 3934 exui
1100 3885 1229 3952 quoque
1249 3867 1366 3953 partim
